2616 4852
173 295 245 396 398
540 315 812 366 irrorarronas

210 420 331 493 tundis,
351 440 450 501 eoque
471 420 699 501 praevaricante
718 416 905 479 absolutum.
927 417 1046 479 ludices
1066 432 1169 495 autem,

210 532 263 612 qui
284 547 355 589 eum
375 526 589 600 absolvissent,
604 546 775 608 numquam
795 527 923 585 omnino
944 539 1120 589 accusatum
1137 531 1169 591 ab

209 637 310 720 Appio
330 636 447 695 minore
475 632 638 694 Servilium
665 633 877 710 damnassent3
898 655 957 706 ne,
976 637 1002 695 si
1025 640 1171 717 praevari-

209 747 358 806 cationem
387 741 558 813 crederent,
584 763 674 802 suum
697 741 735 804 de
762 742 853 824 Appii
876 739 1075 805 absolutione
1102 745 1170 807 iudi·

207 853 289 912 cium
320 849 466 910 damnare
498 847 694 920 viderentur,
725 868 817 930 quem
843 846 1026 910 absolutum
1054 862 1171 935 propter

205 958 409 1019 innocentiam
430 934 526 1016 videri
548 952 711 1028 volebant,
730 976 793 1016 non
817 955 901 1038 quod
923 955 1074 1019 Servilius
1094 980 1173 1041 prae-

205 1066 359 1126 varicator
379 1083 501 1128 causam
522 1062 711 1146 prodidisset.
739 1061 836 1123 Stulte
861 1064 960 1146 igitur
981 1067 1101 1148 Appius
1121 1069 1172 1126 mi-

204 1193 263 1232 nor
282 1191 334 1232 eos
364 1169 477 1232 iudices
509 1173 541 1231 in
571 1169 733 1231 consilium
762 1173 867 1244 misit,
898 1181 936 1232 ut
955 1175 1121 1235 sententias
1139 1173 1171 1235 de

204 1277 336 1340 Servilio
355 1276 478 1339 ferrent.
501 1277 620 1338 Manat.

165 1405 203 1446 αα
225 1387 331 1464 Quum
358 1406 394 1446 ex
424 1383 524 1445 tribus
554 1382 729 1457 ordinibus,
756 1386 810 1466 qni
831 1405 879 1445 res
897 1384 1099 1462 iudicabant,
1117 1388 1169 1450 duo

202 1493 368 1554 Servilium
382 1491 595 1566 absolvissent,
607 1512 685 1552 unus
703 1490 948 1566 condemnasset,
960 1496 1169 1558 universorum

201 1610 304 1661 autem
325 1599 461 1660 iudicum
481 1619 580 1680 aequo
600 1619 729 1660 numero
749 1586 913 1662 sententiae
926 1599 1074 1676 fuissent,
1088 1604 1168 1664 Late·

202 1709 311 1780 censis,
325 1711 377 1790 qui
393 1707 529 1779 ordines,
542 1727 605 1768 non
619 1708 778 1769 sententias
799 1709 977 1792 respiceret,
1000 1709 1166 1773 absolutum

201 1815 349 1888 credidit,
366 1836 458 1898 seque
478 1835 550 1875 eum
569 1815 602 1874 in
622 1808 748 1876 tabulas
762 1813 839 1876 dixit
859 1813 1039 1877 absolutum
1060 1817 1167 1881 relatu-

202 1945 280 1984 rum.
300 1922 412 1984 Postea
432 1943 528 2005 quum
549 1923 583 1981 in
601 1920 668 2003 lege
688 1923 868 2004 reperisset,
887 1942 952 1983 nou
972 1944 1011 1984 cx
1032 1924 1166 1986 ordinum

156 2072 159 2076 -
197 2052 345 2103 numero,
365 2029 419 2091 sed
440 2050 457 2090 e
479 2029 614 2090 iudicum
635 2030 745 2090 maiori
764 2039 867 2112 parte,
886 2029 935 2090 vel
956 2028 1163 2104 absolvendos,

156 2186 159 2193 .
199 2137 248 2197 vel
270 2135 516 2197 condemnandos
549 2157 612 2198 esse
638 2157 725 2199 reos:
751 2157 813 2199 uon
834 2136 953 2210 retulit,
979 2150 1017 2200 ut
1036 2138 1164 2211 dixerat,

197 2245 228 2304 in
249 2242 368 2304 tabulas
390 2242 581 2316 absolutum,
601 2244 744 2307 ordinum
765 2243 879 2309 iudicia
899 2248 1090 2331 perscripsit
1105 2249 1164 2308 Ma-

196 2362 257 2409 nat.
279 2349 429 2411 Graevius
449 2349 523 2434 qaid
541 2351 656 2432 singuli.

155 2457 194 2516 23
217 2456 363 2528 licceat,
383 2461 543 2520 sententias
563 2458 699 2520 iudicum
720 2479 783 2519 non
803 2459 955 2542 colligam.
970 2462 1160 2547 Quamquam

151 2613 154 2622 .
195 2565 313 2646 antiqui
335 2566 429 2626 moris
443 2568 595 2647 ignoratio
611 2568 790 2628 sententiam
807 2564 886 2629 hanc
900 2567 992 2630 nobis
1007 2569 1157 2633 obscuram

193 2672 275 2732 facit.
296 2671 436 2754 Redigere
457 2675 537 2735 enim
558 2676 683 2757 proprie
704 2673 742 2735 de
762 2676 891 2756 pecunia
912 2674 1049 2751 dicitur,
1070 2688 1104 2739 nt
1123 2680 1158 2737 vi-

194 2778 239 2839 dit
260 2779 391 2841 Cortius.
413 2779 555 2861 Redigcm
564 2824 576 2854 ,
595 2781 720 2864 supple,
740 2783 942 2864 pronuntiavit
959 2797 1092 2866 praetor.
1111 2784 1155 2845 tls.

151 2934 153 2939 .
193 2887 277 2968 apud
298 2887 445 2948 Vrsinum
471 2900 503 2949 et
529 2886 574 2948 ad
591 2900 757 2950 extmmnm
776 2889 945 2950 absolutam
964 2892 1010 2952 ait
1030 2893 1154 2978 rosteram

193 2994 240 3054 ed.
262 2994 318 3054 Ro.
340 3007 372 3054 ut
390 2994 464 3055 solet
472 3040 484 3068 ,
503 2996 562 3067 cit,
582 3017 641 3054 nou
661 2993 813 3076 redigam
832 2997 914 3057 Man.
936 3011 972 3059 ut
990 3001 1087 3076 solet,
1104 3001 1153 3071 cit,

191 3099 325 3182 referam.
349 3102 394 3163 Vt
413 3103 528 3176 solent,
548 3101 660 3163 scilicet
679 3113 847 3186 praetores.

151 3207 191 3282 24
210 3208 254 3266 Ne
275 3207 323 3267 vel
345 3219 452 3269 contra
469 3230 554 3270 suam
569 3211 868 3293 pronunciationem,
882 3211 931 3272 vel
945 3225 1057 3276 contra
1070 3214 1148 3302 legen

195 3316 398 3377 committeret
419 3318 430 3396 (
441 3338 537 3400 quum
558 3339 594 3378 ex
613 3321 866 3401 pronunciatione
887 3319 1107 3395 absolvendus,
1122 3339 1147 3379 ex

192 3420 258 3503 lege
278 3421 467 3485 damnandus
488 3427 516 3485 ei
537 3425 718 3504 videretur),
738 3447 838 3509 neque
858 3426 1056 3504 absolutum,
1068 3447 1146 3511 neque

190 3527 367 3588 damnatum
388 3531 420 3590 in
441 3529 561 3592 tabulas
583 3533 706 3610 retulit;
727 3535 862 3616 scripsit,
882 3535 959 3617 quid
981 3537 1090 3620 singuli
1109 3556 1144 3596 or·
1200 3554 1203 3593 l

188 3633 273 3696 dines
293 3635 482 3698 iudicassent.
504 3639 623 3700 Manat.
644 3629 1142 3714 Poseatma‚utah's01utumser-

188 3742 295 3803 vilium
317 3744 442 3807 referret
467 3748 499 3807 in
529 3747 670 3822 tabulas,
700 3751 744 3811 ait
767 3749 948 3828 Ernestins3
977 3751 1139 3814 secrecius

187 3849 263 3912 mihi
284 3851 420 3925 videtur,
440 3865 475 3913 ut
496 3853 646 3917 Servilius
675 3855 940 3936 condemnaretur.
966 3861 1080 3928 Lollius
1097 3877 1137 3941 pt·

187 3969 292 4021 tronus
313 3960 433 4023 Servilii
454 3961 546 4025 fuisse
568 3962 696 4027 videtur.
