2616 4852
532 365 570 412 rr
596 360 787 412 nrrsronts
1086 341 1161 440 419

181 479 249 518 non
261 479 329 520 esse
341 461 425 522 idem
437 464 642 544 inperatorem
653 465 815 545 appellari,
828 475 859 525 et
872 464 1051 544 triumphum
1063 485 1160 542 cgere.

181 566 309 628 Tullius
336 570 504 652 imperator
530 571 654 652 quidem
683 571 850 654 appellatus
871 571 947 642 fuit,
966 570 1158 653 triumphum

181 683 288 735 temen
308 697 375 738 non
401 680 482 759 egit,
509 678 593 759 quod
618 691 701 762 patet
730 699 766 740 ex
792 700 862 761 epp.
891 678 1093 750 CCCXXVl,
1121 698 1160 751 23

178 781 385 859 ccctxw,
412 788 444 862 33
471 787 678 859 CCCLXXll‚
708 807 739 863 ¹3
763 786 900 868 aliisque.
926 787 974 846 De
999 784 1159 868 triumpho

178 888 243 951 vid.
264 891 372 953 Pison.
395 893 443 954 25.
464 896 536 957 Mox
562 895 629 957 edd.
659 897 733 956 lens.
761 895 836 956 Min.
857 905 888 954 et
913 893 1020 954 Lamb.
1045 915 1161 975 pancos
1191 937 1193 941 η

174 1010 249 1077 post
270 998 345 1060 dies.
367 1001 451 1062 Infra
471 1002 586 1076 Issum,
607 1002 675 1065 ride
696 1023 743 1084 ep.
765 1002 934 1073 CCXXVl,
957 1022 985 1061 2.

144 1124 176 1184 17
199 1103 269 1173 Scis
298 1112 384 1177 enim
410 1108 469 1170 dici
483 1112 644 1193 'quosdam
669 1111 811 1190 pernices,
832 1109 981 1190 quosdam
1007 1109 1109 1168 inanes
1129 1118 1161 1168 et

177 1231 277 1273 vanos
298 1216 374 1276 belli
391 1236 529 1279 rumores.
555 1219 639 1284 Haeo
658 1217 753 1281 verbe
780 1228 904 1278 tuentur
932 1215 1110 1286 sebonius,
1130 1226 1162 1274 et

180 1318 343 1382 schoenb.
365 1327 517 1408 aptiorem
538 1327 640 1387 locum
661 1325 774 1387 habere
793 1325 945 1408 postilla,
959 1345 1037 1407 quae
1051 1344 1160 1404 supra-

177 1424 326 1504 dixerat,
349 1452 444 1513 qanm
467 1453 571 1513 graves
590 1433 628 1493 de
654 1433 771 1494 Parthis
796 1434 891 1493 nuntii
915 1435 1051 1492 venirent.
1080 1429 1161 1489 Edd.

174 1535 302 1615 priseae
324 1558 450 1601 sorores
467 1561 538 1601 eum
559 1540 711 1601 Lambino
732 1540 856 1600 Interim
866 1584 877 1612 ,
895 1540 952 1599 reis
970 1539 1048 1599 enim
1060 1573 1101 1586 —
1112 1567 1161 1603 aa·

176 1649 284 1723 λὶμου,
306 1666 428 1707 rancore
452 1647 597 1708 adventas
623 1650 715 1709 nostri
737 1658 808 1719 eto,
827 1646 971 1728 idemque
992 1645 1161 1707 Lambinus

174 1749 261 1812 infra
282 1772 304 1813 a
326 1775 389 1836 quo
410 1755 461 1816 A,
474 1757 634 1817 tenebatur.
655 1755 712 1817 Vel
739 1753 817 1825 hoc',
837 1754 886 1814 vel
908 1754 1084 1814 Antiochiae
1114 1752 1159 1813 le-

173 1857 328 1935 gendum.

147 1960 271 2027 18.Di0·
286 1968 362 2039 XL,
384 1970 439 2032 28:
464 1998 480 2027 n
490 1971 618 2033 Barbari
638 1972 720 2033 enim
740 1968 780 2028 ab
800 1989 836 2028 ea
857 1989 919 2028 non
933 1966 1161 2038 abstinuerunt,

179 2073 276 2132 used
298 2077 412 2135 maiori
433 2076 544 2138 deinde
565 2099 634 2136 cum
656 2094 763 2146 mann,
783 2095 895 2134 nomen
922 2073 1046 2156 quidem
1071 2072 1160 2133 ducis

177 2205 195 2235 ιι
221 2192 356 2260 gerente
376 2183 512 2255 Pacoro,
534 2184 647 2244 Orodis
668 2183 751 2255 filio,
771 2194 837 2243 tum
858 2181 959 2242 adhue
979 2195 1161 2262 puero‚.‹re-
1191 2216 1198 2231 ·

180 2313 197 2340 u
218 2308 298 2347 vera
312 2299 418 2350 autem
433 2290 511 2352 duee
526 2290 639 2362 Oeace,
659 2294 689 2350 in
713 2291 834 2371 Syriam
848 2289 977 2370 profecti
989 2320 1031 2334 -
1041 2286 1081 2347 ad
1096 2289 1159 2346 An-

180 2419 197 2446 «
216 2393 376 2455 tiochiam
398 2414 496 2478 usque
509 2398 637 2479 profecti
652 2408 730 2458 sunt.
742 2423 759 2451 υ
781 2397 898 2458 Eadem
913 2396 952 2456 de
965 2405 1064 2456 morte
1080 2394 1162 2454 Osa-

179 2501 221 2558 eis
242 2501 344 2562 refert
367 2503 502 2564 Orosius
518 2506 583 2585 Vl,
608 2506 650 2565 13.

153 2624 180 2686 19
199 2606 399 2669 Mustaceum
409 2622 480 2671 erat
495 2609 549 2671 libi
564 2632 656 2691 genus
669 2632 704 2670 ex
719 2621 829 2695 musto.
844 2611 920 2670 Cato
931 2608 1023 2668 deR.
1037 2608 1073 2666 R.
1091 2627 1159 2667 121:

183 2738 200 2767 u
219 2715 401 2776 Mustaeeos
423 2717 728 2778 sicfaeito:Fa1·inae
744 2717 896 2797 siligineae
910 2714 1046 2775 modium
1062 2722 1158 2773 untm

184 2845 200 2873 u
219 2833 329 2882 musto
351 2827 563 2905 conspergito‚
583 2826 718 2894 anisum,
737 2825 945 2885 cuminum-
957 2831 987 2879 et
1011 2819 1050 2879 de
1074 2820 1161 2897 virga

185 2953 201 2981 u
221 2926 302 2989 lauri
325 2929 484 3002 deradito,
506 2930 613 2991 eodem
631 2931 743 2990 addito.
765 2931 806 2989 Et
819 2929 876 2989 ubi
891 2927 1067 2998 definieris,
1081 2926 1161 2985 lauri
1229 2916 1238 2932 ⁶

173 3059 202 3087 ,a
222 3033 298 3095 folia
317 3035 428 3098 subtus
447 3038 560 3099 addito.
572 3063 588 3091 υ
610 3037 741 3098 Bibulus
758 3056 832 3117 ergo
853 3056 923 3096 cum
943 3035 1064 3094 laurum
1086 3034 1162 3091 viri-

185 3137 308 3201 demin
330 3142 492 3224 triumpho
521 3166 642 3226 sperare
669 3164 732 3204 non
751 3152 866 3224 posset,
893 3141 1016 3201 laurum
1044 3137 1161 3199 aridam

187 3243 214 3300 in
235 3258 397 3308 mustaceo
420 3250 593 3330 quaerebat
614 3251 693 3312 Vide
715 3251 832 3309 Erasm.
853 3248 947 3328 Adag.
969 3247 1024 3317 IV,
1045 3267 1081 3328 9,
1103 3245 1152 3324 87.

158 3363 188 3407 20
207 3350 285 3413 ldest
308 3365 471 3414 strenuum
494 3359 572 3415 inte'r
592 3356 737 3415 militares
765 3357 810 3424 sui
838 3355 965 3426 ordinis,
985 3354 1050 3412 sive
1070 3354 1164 3412 etiam

190 3461 293 3536 speciei
315 3460 418 3532 illius,
431 3480 466 3521 ex
482 3483 543 3542 qua
557 3465 620 3543 ipse
635 3472 708 3522 erat.
730 3463 854 3523 Constat
868 3462 949 3520 enim
965 3462 1025 3518 tria
1036 3460 1071 3518 in
1086 3481 1165 3539 qua-

193 3582 245 3640 que
265 3566 391 3648 legione
410 3567 502 3629 fuisse
523 3569 654 3630 militum
675 3590 802 3649 genera,
821 3568 949 3638 Triarii,
977 3565 1116 3637 Hastati,
1137 3577 1169 3627 et

192 3664 353 3754 Principes.

164 3783 191 3824 ²¹
211 3774 352 3840 Straboni
386 3791 433 3841 est
454 3786 640 3858 utilititatem
668 3779 706 3839 de
738 3783 802 3839 eius
834 3778 1068 3859 oppugnatione
1098 3781 1172 3841 vide

193 3896 234 3958 eP·
251 3889 433 3960 ccxxvi,
454 3910 482 3949 2.
503 3889 797 3958 Eleutherocilicum,
825 3884 992 3944 liberorum
1022 3883 1174 3950 Cilicum.
1233 3913 1235 3919 ¹
