2632 4860
157 321 230 398 250
460 341 631 391 11111011
656 341 846 390 ccxxxrrn.
934 341 965 389 1.
985 345 1019 391 v.
1041 344 1069 391 c.
1091 344 1139 406 ⁷0³

121 424 124 433 ι
156 473 279 523 omnes
312 472 407 521 meas
444 459 672 547 tempestates
707 459 744 517 et
776 443 943 545 subieris,
980 459 1018 518 ot
1053 447 1166 520 multo

155 550 263 649 etiam
287 574 415 674 magis,
441 575 470 646 si
495 599 561 674 per
584 599 642 646 me
665 572 838 672 licuisset,
869 571 984 646 subire
1016 576 1168 674 paratis*

155 704 264 776 simus
297 701 425 800 fueris,
463 700 561 802 quod
591 699 744 803 'denique
776 699 958 773 inimicum
988 704 1169 803 111111111136,Ι

155 843 259 905 tuum
291 828 474 935 inimicum
506 829 666 930 putaris,
699 810 800 901 cuius¹
830 827 937 901 etiam
962 827 1168 930 interitum,

156 971 197 1030 ut
220 956 336 1046 facile,
361 954 614 1054 intelligerem,
649 955 737 1029 mihi
770 969 942 1057 quantum
975 952 1167 1054 tribuereS,

156 1083 300 1156 Milonis
327 1109 432 1157 causa
457 1082 495 1155 in
520 1096 645 1157 senatu
680 1081 902 1155 defendenda
920 1083 963 1180 ³¹,
989 1060 1167 1181 approbass

154 1212 211 1283 ris
237 1211 269 1282 A
293 1235 351 1281 me
378 1185 495 1283 autem
527 1209 615 1282 haee
652 1223 735 1281 sunt
768 1208 949 1309 profecta,
985 1233 1077 1310 quae
1103 1234 1166 1308 ego

153 1338 192 1409 in
216 1336 380 1409 beneficii
404 1336 485 1410 loco
512 1362 586 1409 non
612 1362 734 1436 pono,
760 1335 824 1409 sed
849 1336 887 1408 in
912 1336 987 1408 veri
1013 1337 1168 1408 testimo·

154 1463 207 1535 nii
233 1476 339 1565 atque
365 1463 508 1536 iudicii:
540 1476 581 1535 ut
606 1456 933 1569 praestantissimas·
951 1463 1167 1536 tuas-‘virtu-

75 1691 77 1697 ,
153 1603 208 1663 tes
232 1616 307 1663 non
339 1591 467 1664 tacitus
503 1588 695 1663 admirarer
720 1591 827 1692 (quis
853 1589 948 1662 enirn
972 1589 1071 1662 idem
1095 1574 1167 1662 non

152 1714 283 1807 faciti)
297 1718 340 1816 ³²,
364 1717 427 1792 sed
453 1718 490 1791 in
516 1716 680 1791 omnibus
706 1717 952 1819 orationihus,
984 1716 1167 1819 sententiis

154 1842 333 1945 dicendis,
357 1846 470 1919 causis
496 1843 659 1946 agendis,
678 1829 850 1951 'omnibus
875 1830 1036 1945 seriptis,
1062 1842 1167 1933 Grae-

153 1970 225 2072 cis,
263 1971 426 2071 Latinis,
463 1971 561 2045 omni
599 1970 752 2071 denique
786 1969 955 2045 varietate
987 1948 1168 2045 literarum

151 2121 329 2197 mearum,
354 2114 390 2170 te
415 2123 490 2170 non
514 2097 624 2171 modo
650 2099 711 2197 iis,
735 2123 825 2199 quos
854 2097 1083 2196 vidissemus,
1107 2097 1167 2171 sed

151 2224 217 2322 iis,
243 2222 287 2295 de
313 2224 441 2325 quibus
469 2223 708 2324 audissemus,
747 2223 912 2298 omnibus
949 2224 1165 2299 anteferrem.

154 2350 312 2442 Quaeres
338 2349 504 2451 fortasse,
539 2351 625 2453 quid
650 2334 835 2454 sit,'quod
860 2376 926 2450 ego
951 2350 1024 2424 hoc
1048 2352 1166 2425 neseio¹

157 2476 244 2581 quid
269 2475 511 2576 gratulationis
525 2478 557 2528 33
576 2491 611 2551 et
636 2478 784 2553 honoris
809 2504 828 2550 a
854 2490 977 2551 senatu
1003 2480 1098 2552 tanti
1111 2503 1166 2551 ae·

155 2585 304 2677 stime'm.
330 2593 445 2704 Agam
468 2605 540 2678 iam
564 2618 683 2677 tecum
713 2603 950 2705 familiariter,
981 2620 1025 2678 ut
1055 2606 1112 2680 est
1133 2618 1166 2679 et

154 2730 297 2830 studiis,
322 2744 358 2804 et
384 2730 508 2805 officiis
535 2732 664 2804 nostris
689 2732 838 2831 mutuis,
859 2745 896 2804 et
920 2758 1061 2805 summa
1086 2733 1165 2809 ami·

155 2858 240 2930 eitia
266 2856 437 2956 dignum,
468 2872 505 2930 et
529 2857 788 2936 necessitudine
814 2859 921 2931 etiam
946 2873 1106 2958 paterna.
1132 2861 1164 2933 si

158 2984 343 3084 quisquam
379 2984 459 3056 suit·
478 3010 647 3085 umquam
685 2998 841 3057 remotus
879 2999 915 3057 et
947 3000 1099 3086 natura,
1133 2999 1166 3058 et

154 3109 266 3205 magis
292 3111 421 3210 etiam,
446 3125 488 3183 ut
512 3111 598 3183 mihi
625 3111 773 3213 quidem¹
792 3112 923 3184 sentire
947 3112 1091 3213 videor,
1118 3138 1165 3186 ra·

154 3226 254 3306 tione
281 3249 386 3337 atque
413 3237 591 3336 doctrina,
626 3240 670 3311 ab
698 3239 797 3311 inani
819 3237 945 3338 laude,
972 3252 1009 3312 et
1035 3264 1164 3313 sermo·

153 3359 258 3433 nibus
283 3361 397 3464 vulgi,
422 3390 487 3463 ego
513 3365 673 3466 prolecto
698 3366 729 3438 is
755 3393 841 3438 sum.
868 3366 986 3439 Testis
1012 3381 1068 3465 est
1086 3391 1165 3440 con·

154 3484 286 3559 sulatus
312 3515 425 3589 meus,
449 3492 488 3564 in
514 3518 600 3594 quo,
618 3492 708 3565 sicut
726 3493 764 3564 in
780 3490 914 3593 reliqua
932 3493 1025 3591 vita,
1043 3492 1164 3590 fateor,

154 3638 277 3694 earne
303 3616 459 3692 studiose
493 3631 675 3718 secutum,
709 3645 752 3690 ex
786 3619 913 3720 quibus
947 3645 1032 3694 vera
1059 3619 1165 3719 gloria

154 3741 252 3811 nasci
277 3757 415 3842 posset,
440 3746 554 3844 ipsam
580 3744 724 3846 quidem
750 3743 897 3842 gloriam
923 3772 988 3846 per
1013 3773 1052 3820 se
1070 3770 1164 3819 num·

157 3890 265 3966 quum
291 3873 411 3970 putavi
447 3871 690 3971 expetendam.
724 3873 849 3973 Itaque
881 3885 917 3945 et
946 3874 1164 3973 provinciam
