2632 4860
174 335 247 439 374
537 356 808 407 tunorrrtonas

213 458 307 520 Caelii
328 459 359 520 iu
372 457 533 520 edd..Med.
547 471 578 520 et
591 460 664 519 Min.
680 461 718 520 At
731 459 776 519 ed.
790 459 863 532 Ro,
876 457 1058 544 codicesque
1072 465 1174 547 scripti

174 614 176 619 .
212 567 299 628 multi
321 565 397 628 baec
416 577 448 628 et
466 568 621 647 sequentia
641 569 778 627 inserunt
801 566 945 649 epistolae
966 569 1067 643 ceu,
1089 572 1177 634 thoe

211 673 320 736 modo:
343 671 423 738 Vide
452 671 540 734 ruodo
567 675 680 756 inquis,
705 675 777 735 milii
803 675 893 738 liten‘s
921 675 1107 752 ostendens,
1132 701 1178 742 me

210 785 265 844 isto
286 791 341 844 etc.
782 866 784 869 f
859 793 864 800 '

171 911 210 953 ao
230 891 293 969 Qui
313 886 485 949 civitatibus
505 908 641 947 annuum
663 887 790 970 vectigal
803 889 950 970 pendunt.
972 890 1093 971 Manat.
1112 893 1177 957 Tn'-

209 995 338 1058 butarios
358 997 505 1078 scriptum
525 993 654 1077 putabat
673 993 840 1055 Ernestius.
860 995 1071 1078 Pantagathus
1093 1001 1176 1082 apud
1193 1025 1197 1033 ’

208 1102 355 1166 Vrsiuum
384 1099 522 1184 legebat:
551 1101 668 1182 Agros,
693 1123 767 1185 quor
786 1100 972 1184 fructuarios
1000 1105 1091 1167 habet
1125 1105 1174 1167 cr·-

208 1209 327 1290 byratir.

168 1336 203 1378 ar
227 1315 364 1397 Intellige
383 1317 415 1376 in
435 1316 579 1397 petitione
599 1323 768 1397 praeturae.
791 1313 975 1380 Colunsnarii
995 1314 1174 1383 dicebantur

207 1423 296 1483 otiosi
314 1421 452 1483 homines
472 1420 599 1493 urbani,
619 1423 672 1502 qui
694 1420 825 1485 multum
846 1423 928 1484 circa
947 1424 1126 1500 columnas,
1145 1438 1175 1488 et

151 1570 155 1580 -
182 1528 264 1590 *sub
291 1530 454 1612 peristyliis
482 1530 539 1590 fori
564 1527 777 1605 vertebrarum
805 1531 1049 1608 utlsubrortrani
1074 1535 1172 1617 irrep.

162 1664 167 1674 ¹
206 1636 333 1710 CXCll,
360 1635 398 1711 5,
425 1637 480 1719 qui
505 1634 563 1696 sub
587 1636 702 1696 rostris.
728 1633 800 1696 Nou
815 1633 911 1718 fecit,
930 1658 970 1700 sc.
990 1650 1171 1720 praetorem.

205 1744 318 1806 Factus
331 1754 465 1806 tamena
479 1743 690 1815 columnariis,
703 1763 835 1824 quorum
850 1745 948 1804 maior
961 1755 1045 1807 certe
1059 1745 1171 1829 ubique

203 1871 349 1912 numeras
362 1861 424 1923 est,
435 1860 611 1933 praeturam
631 1851 734 1931 gessit,
747 1858 783 1909 ut
796 1848 886 1911 docet
904 1851 1081 1926 Manutius,
1093 1873 1169 1915 anuo

205 1959 360 2039 sequenti,
379 1957 490 2019 Paullo
509 1967 541 2020 et
559 1956 706 2021 Marcello
725 1975 800 2017 coss.
820 1956 897 2021 Esse
916 1956 1084 2021 ab'Amlrb.
1106 1981 1169 2023 om-

202 2064 293 2125 nibus
305 2063 404 2135 abest,
418 2063 511 2146 idque
522 2065 623 2145 aptius
635 2061 777 2129 brevitati
791 2082 855 2127 esse
868 2067 990 2129 monuit
999 2065 1166 2130 Ernestius.

101 2164 104 2183 ¹
160 2190 203 2230 aa
223 2169 300 2232 Vult
327 2189 421 2251 ergo,
446 2180 483 2230 ut
508 2169 629 2233 Caesari
660 2169 859 2246 succedatur3
876 2188 947 2252 ·qua
977 2171 1017 2232 de
1047 2195 1082 2235 re
1111 2177 1167 2240 iam

201 2274 299 2336 multa
317 2277 350 2335 iu
370 2295 439 2363 epp.
461 2275 573 2349 CCVI,
593 2276 628 2352 33
648 2276 746 2351 CCX,
766 2297 800 2353 23
820 2287 851 2339 et
871 2279 903 2337 in
923 2275 983 2339 hac
1002 2281 1073 2363 ipsa
1094 2287 1166 2358 αμα·

201 2393 278 2441 vetat
302 2383 434 2443 restituit
458 2381 616 2445 Ernestius
636 2405 655 2444 a
675 2384 816 2447 Victoria
838 2385 985 2459 eiectum,
1013 2388 1080 2451 sine
1107 2407 1166 2470 quo

201 2507 305 2548 sensus
330 2508 394 2549 non
419 2498 545 2552 constat.
564 2491 593 2552 A
611 2493 721 2553 nostris
746 2490 891 2554 omuibus
916 2493 1046 2556 exsulat
1073 2495 1165 2559 ustus

199 2593 317 2658 Vrsini:
338 2595 493 2680 Pompeius
514 2610 581 2660 tuus
600 2599 723 2660 nwlerte
738 2598 799 2680 fert
826 2597 983 2661 &sarens
1002 2613 1034 2663 et
1050 2603 1166 2685 provin-

197 2700 275 2764 ciam
295 2714 392 2766 unere
411 2725 479 2766 cum
497 2707 645 2779 exercitu,
664 2717 694 2767 et
713 2706 899 2773 cumulatum
911 2710 1078 2789 petitionem
1091 2729 1166 2781 esse‚·

198 2809 306 2872 Lamb.
327 2833 387 2873 non
407 2813 469 2873 vult
489 2813 644 2875 &erarem
664 2822 719 2874 etc.

159 2915 197 2976 23
217 2916 357 3001 Pompeii
389 2938 474 2980 socer
502 2920 570 3002 (ep.
604 2919 791 2999 eccm),
817 2916 991 2985 nominatus
1024 2923 1066 3006 in¹
1089 2922 1164 2983 scto

201 3021 238 3105 Q.
261 3023 405 3085 Caecilius
424 3024 564 3086 Metellus
584 3027 657 3087 Pius
678 3025 794 3108 Scipio,
815 3027 898 3107 quod
919 3047 938 3087 a
958 3027 1085 3092 Metello
1111 3029 1162 3091 Pio

197 3141 275 3192 esset
294 3130 471 3214 adoptatus3
493 3154 541 3215 ep.
562 3133 731 3206 CCXXIll,
754 3134 781 3195 3.
802 3134 919 3195 Manat

157 3233 196 3311 24
216 3235 415 3298 Nominatim:
442 3239 525 3320 quod
551 3242 690 3321 iniquum
719 3249 797 3305 erat.
819 3240 937 3303 Manat.
966 3241 1058 3307 llaec.
1075 3241 1162 3304 verba

194 3338 233 3400 de
251 3345 408 3425 provincii}
429 3345 536 3407 Galliis
556 3350 641 3408 uncis
663 3347 783 3408 inclusit
798 3349 862 3407 iam
883 3347 1060 3422 Ernestius,
1087 3346 1162 3430 quod

196 3468 232 3507 ea
254 3452 285 3508 in
307 3450 481 3513 cod..,Gorl.
502 3475 562 3515 non
587 3455 749 3526 invenerit,
771 3465 802 3515 et
826 3455 961 3534 poterint
986 3477 1044 3518 sua
1063 3465 1161 3539 sponte

173 3541 337 3638 x'intelligi3
359 3557 517 3621 Schiitzius
537 3560 657 3623 delevit
685 3560 754 3642 Ego
775 3572 918 3621 neutrum
944 3561 1019 3636 feci,
1039 3565 1111 3646 quia
1128 3582 1158 3622 ee

155 3676 159 3717 t
179 3660 368 3726 -authmtira
386 3677 473 3748 puto.
501 3648 504 3653 ¹
1062 3680 1065 3685 ’

141 3765 192 3825 ‘25
211 3768 414 3846 Gaditanum,
442 3772 577 3834 Caesaris
607 3774 865 3847 amantissimum,
892 3786 958 3856 pro¹
977 3797 1042 3858 quo
1069 3783 1153 3837 exstat

175 3873 345 3939 ÷·Ciceronis
365 3883 471 3941 oratio.
493 3881 612 3942 Manus.
633 3879 798 3942 Morlibri
812 3881 874 3943 iere
888 3901 1011 3957 omnes,
1031 3883 1147 3966 quasin

188 3982 329 4046 manibus
349 3985 464 4060 habeo,
485 4001 672 4070 conquestum
693 4008 762 4047 esse.
1107 3968 1111 3978 ¹
