2616 4852
207 315 283 408 418
505 389 508 397 Ι
575 328 852 382 annorsrmuns·

211 461 246 501 to
270 436 426 499 Venissent
444 437 601 516 corrigunt
621 455 657 494 ex
676 434 799 513 ingenio
813 431 972 493 Ernestiua
993 440 1025 490 et
1045 427 1196 491 Schtiuius.

246 548 287 606 At
301 564 369 605 non
389 543 481 604 semel
502 552 649 602 venerunt
672 541 789 611 nuntii,
810 536 864 598 sed
889 539 1002 598 iterum
1032 547 1064 597 et
1087 537 1198 620 pluries,

247 663 279 713 et
298 652 422 710 venirem
441 649 520 710 bene
540 670 609 708 cum
630 667 690 730 seq.
708 646 830 729 perrexi
850 647 1057 726 coniungitur.

212 779 243 820 ιι
266 759 384 819 lnserui
403 769 433 818 et
452 758 631 816 auctoritate
652 752 845 817 ambrosiani
872 751 1040 834 quintidec,
1061 750 1159 832 Vulgo
1177 764 1200 811 ut

247 864 416 927 Armatus.
437 863 515 924 Rem
534 862 603 924 vide
624 883 670 943 ep.
692 861 817 922 CCXIX
836 862 901 921 inis

213 992 250 1033 ιι
268 973 363 1033 Vncis
378 971 498 1032 inclusit
509 971 681 1041 Emesam,
694 968 807 1032 delevit
820 967 940 1035 schum
961 965 1043 1034 Edd.
1057 976 1127 1028 vett.
1139 968 1198 1027 scri·

247 1077 328 1139 bunt
348 1077 549 1152 Cibustra‚h.
570 1099 596 1139 e.
620 1077 815 1157 Cibyrtro.

213 1187 249 1248 13
268 1185 335 1247 Hae
355 1196 426 1247 sunt
444 1186 515 1247 illae
534 1188 704 1268 angustiae,
723 1206 781 1269 per
798 1205 874 1267 quas
893 1202 930 1245 ex
950 1181 1145 1267 Cappadocia
1160 1201 1198 1265 pa-

247 1303 292 1355 tet
312 1292 439 1354 aditus
431 1316 463 1355 m
483 1294 637 1369 Ciliciam,
659 1315 790 1376 quarum
815 1296 875 1354 iter
895 1296 945 1354 vix
972 1302 1138 1374 quaternos
1161 1310 1198 1348 ca·

248 1400 353 1484 plebat
365 1412 500 1463 armatos
515 1405 581 1484 (eas
594 1403 749 1484 eleganter
767 1411 800 1463 et
818 1412 961 1461 accurate
979 1397 1126 1461 describit
1139 1397 1198 1456 Cur·

247 1511 309 1569 tius
330 1511 389 1582 ΙΙΙ,
410 1511 462 1590 2).
481 1531 545 1571 non
564 1511 770 1582 illacrimari,
785 1531 863 1591 quae
883 1508 1029 1573 Ciliciam,
1042 1507 1199 1568 dirimunta

249 1614 356 1697 Syrie,
375 1629 411 1678 ut
431 1621 541 1679 sentire
560 1619 681 1680 videtur
701 1622 749 1679 vir
770 1638 915 1680 summus.
939 1616 1094 1679 Gmeviru.

214 1721 250 1797 14
269 1722 355 1783 Libri
378 1728 466 1784 multi
486 1727 516 1786 in
535 1746 682 1808 aquarum
708 1722 848 1796 divortio,
869 1724 1049 1805 vulgoim
1062 1741 1097 1789 st)
1117 1719 1145 1789 d.
1162 1716 1201 1778 sed

248 1830 281 1890 in
306 1852 369 1892 non
393 1831 509 1892 habent
534 1832 601 1892 edd.
628 1833 703 1894 leus.
727 1831 797 1893 Aldi
824 1830 986 1907 Lambini,
1009 1851 1111 1913 neque
1126 1830 1200 1889 loon

229 1938 396 2021 ·.cpistolae
416 1941 587 2010 CCXXW,
607 1960 626 2001 2
645 1937 899 2003 nom-divisos
916 1948 1068 2021 aqrtdrur‘n
1081 1936 1200 2005 άὶνοιιιῖι,

249 2056 280 2106 et
299 2047 360 2107 iana
379 2044 544 2107 conflatum
565 2058 611 2107 est
630 2069 653 2107 a·
667 2046 816 2117 librariis,
837 2048 890 2127 qui
903 2048 1106 2129 rit'currigere
1117 2045 1199 2124 atiquo
1243 2043 1246 2053 '

248 2153 343 2213 modo
363 2153 534 2214 voluerunt.
556 2153 712 2226 Hostium,
731 2152 807 2215 vide
822 2162 869 2235 ep.
891 2153 1067 2225 ΟΟΧΧΙΙΙ,
1085 2173 1126 2213 α.-

214 2259 251 2321 15
270 2261 349 2323 Edd.
369 2262 443 2321 Min.
465 2260 534 2321 Aldi
554 2260 663 2321 Lamb.
683 2259 858 2336 occiduum
878 2260 964 2321 bene.

214 2365 251 2428 16
270 2366 338 2428 Mos
359 2366 417 2428 fuit
436 2369 583 2429 Romanis
603 2367 805 2443 exercitibus..
813 2379 848 2429 ut
861 2368 1060 2451 Imperatorio
1071 2367 1155 2429 titulo
1166 2386 1200 2426 sa·

248 2474 382 2535 lutarent
405 2474 515 2535 ducem
539 2475 743 2559 simulatque
766 2474 884 2536 cladem
908 2476 1046 2557 aliquam
1071 2478 1198 2556 insignem

248 2580 388 2644 hostibus
402 2584 558 2644 intulisset.
579 2586 698 2665 Dignus
713 2586 794 2646 enim
814 2586 944 2666 imperio
964 2582 1146 2666 putabatur,
1161 2581 1198 2662 qui

249 2701 330 2752 recte
350 2692 495 2772 imperare
514 2713 621 2774 posse,
642 2695 770 2752 victoria
790 2703 898 2775 parta,
918 2691 1076 2752 docuerat.
1100 2695 1138 2752 At·
1154 2708 1198 2770 que
1229 2721 1230 2724 =

249 2800 388 2871 victoria,
403 2811 478 2880 quot
498 2798 637 2860 hostibus
658 2802 773 2861 caesis?
788 2802 943 2880 Appianus
954 2800 1093 2876 ¹(B.:'Civ.
1106 2800 1147 2869 ΙΙ,
1158 2797 1198 2872 li)

251 2908 294 2965 ait
315 2927 369 2965 sua
383 2917 496 2979 aetate,
508 2905 568 2966 hoc
582 2919 627 2967 est
641 2908 789 2978 Traiano,
803 2906 937 2966 Adriano
951 2917 982 2966 et
996 2908 1147 2967 Antonino
1159 2904 1200 2962 Pio

250 3013 367 3095 lmpp.‚
381 3017 526 3074 nimirum
541 3015 662 3074 saeculo
676 3037 694 3073 a
708 3015 829 3074 Christo
841 3025 913 3073 nato
928 3015 965 3086 ΙΙ,
978 3013 1064 3074 hunc
1074 3013 1203 3075 honorem

249 3122 363 3179 nemini
385 3121 527 3194 concedi,
547 3125 603 3180 nisi
625 3125 668 3193 ei,
688 3125 741 3203 qui
761 3124 792 3181 X
813 3121 947 3182 millibus
972 3119 1203 3183 hostiumcaesis

249 3227 439 3308 praeclaram
453 3231 612 3289 victoriam
633 3229 671 3289 de
686 3232 768 3289 victo
781 3230 947 3310 fugatoque
960 3227 1051 3289 hoste
1065 3228 1206 3289 retulisset·

250 3333 311 3394 Sed
325 3345 410 3396 tanto
424 3358 553 3397 numero
567 3358 686 3398 necesse
699 3358 762 3396 non
776 3347 841 3396 erat
855 3337 1010 3397 Ciceronis
1023 3347 1127 3396 aetate.
1141 3330 1207 3393 Phil.

249 3442 335 3513 XlV‚
346 3441 374 3501 5.
389 3447 428 3503 At
441 3446 465 3502 si
480 3447 547 3525 quis
562 3445 787 3527 Hispanorum,
800 3455 853 3504 aut
866 3443 1045 3516 Gallorum,
1059 3454 1111 3503 aut
1125 3440 1210 3501 Thra-

184 3627 187 3634 ι
250 3570 320 3608 cum
334 3551 417 3610 mille
431 3562 484 3611 aut
496 3552 558 3612 duo
568 3552 664 3611 millia
678 3551 850 3622 occidisset,
861 3571 925 3610 non
939 3572 1012 3611 eum
1025 3550 1086 3611 hac
1099 3566 1214 3609 consue

247 3655 369 3728 tudine,
394 3680 472 3739 quae
499 3659 665 3731 increbuit,
689 3662 904 3741 imperatorem
930 3657 1102 3740 appellaret
1125 3655 1215 3715 Sena·

249 3773 305 3823 tus.
328 3765 436 3825 Gland.
457 3778 488 3826 et
508 3767 579 3827 Hot.
601 3766 639 3827 ad
661 3767 745 3827 Caes.
765 3767 799 3825 B.
822 3766 886 3826 civ.
907 3767 951 3837 ΙΙ,
973 3765 1022 3825 26.
1044 3764 1152 3824 Confer
1169 3777 1222 3835 ep·

237 3871 424 3946 'CCXXVL
445 3895 463 3932 2
484 3885 514 3934 ct
535 3875 617 3935 Caes.
632 3874 665 3933 B.
681 3874 746 3935 Civ.
768 3875 825 3944 ΙΙΙ,
846 3874 899 3946 3ι,
922 3872 1034 3934 Obiter
1054 3865 1234 3931 notandum
