2632 4860
157 333 202 403 32
427 350 597 402 urrsronr
624 352 791 425 cnxxxrx,
817 352 887 400 cxc.
938 350 1022 403 nv.
1041 352 1070 403 c;
1089 369 1136 416 ,ιι

155 469 245 555 tam,
270 470 327 565 ut,
360 453 425 528 tibi
443 459 566 557 'quum
599 455 737 557 possint
762 454 865 528 reddi
890 482 910 527 a
935 480 996 528 me
1017 456 1161 559 literae,

153 596 231 656 non
258 580 460 655 reddantur.
500 581 576 655 Nec
611 592 739 677 tamen
764 583 834 654 iam
863 580 1000 683 haheo,
1032 585 1161 686 quod'³

154 723 215 817 aut
239 707 406 782 mandem
431 707 519 808 tibi,
555 722 618 781 aut
650 733 798 817 narrem.
828 699 995 787 Mandavi
1021 713 1163 814 omnia,

154 862 244 938 quae
270 833 412 936 quidem
438 849 498 935 tu,
524 848 564 906 ut
588 826 783 934 polliceris,
811 830 1008 909 exlrauries:
1042 862 1161 911 narra·

117 1032 120 1037 ,
152 960 219 1061 ho,
244 987 352 1062 quum
378 960 510 1064 aliquid
535 959 676 1035 habebo
702 960 796 1035 novi.
822 960 917 1033 Illud
942 974 1061 1041 tamen
1085 946 1159 1039 non

114 1175 117 1183 r
154 1087 334 1185 desinam,
366 1086 452 1163 dum
488 1086 610 1161 adesse
641 1100 676 1159 te
692 1086 709 1153 4
723 1140 726 1153 .
741 1085 896 1187 putabo,
915 1087 980 1171 fide.
998 1089 1159 1173 Caesaris

152 1215 296 1287 nomine
315 1215 478 1312 ⁵vrogare
490 1246 516 1314 ,2
536 1227 577 1286 nt
608 1213 809 1287 confectum
831 1214 1018 1316 relinquas.
1045 1215 1159 1291 avide

52 1330 55 1335 ⁵
154 1355 319 1441 exspecto
346 1355 423 1414 tuas
448 1341 585 1440 literas,
610 1355 646 1414 et
671 1341 840 1440 maxime,
866 1355 906 1414 ut
931 1343 1046 1416 norim
1071 1357 1160 1417 tem-

153 1494 221 1568 pus
245 1467 474 1568 profectionis
501 1468 594 1541 tuae.
611 1487 624 1530 ι’
723 1518 745 1525 --

495 1772 498 1779 .
547 1755 570 1783 ..·
611 1711 720 1787 CXC.
780 1788 785 1813 ,
852 1725 854 1731 ’
925 1751 1139 1816 (nantum)

132 1894 374 1983 Argumentum.
395 1893 578 1954 Brevitatem
599 1893 756 1952 literarum
777 1903 912 1964 excusat,
925 1902 956 1952 et
976 1913 1007 1953 se
1028 1878 1161 1953 triduum

193 2023 262 2062 cum
283 2002 431 2085 Pompeio
452 2001 543 2061 fuisse
562 2004 675 2086 narrat.

323 2209 377 2261 Scr.
395 2207 502 2260 Tarenti
521 2211 552 2260 A.
571 2207 603 2259 V.
622 2207 650 2259 C.
670 2207 778 2272 DCCll,
800 2207 835 2259 lll
856 2207 915 2261 Kal.
934 2207 991 2261 lun.

312 2473 314 2481 ,
403 2480 406 2487 ,
465 2399 612 2464 cronno
636 2398 789 2462 Arrrco
816 2399 846 2462 s.

155 2620 170 2637 ·’
203 2590 388 2706 Quotidie,
413 2607 471 2680 v‘el
496 2607 616 2707 potius
641 2607 679 2677 in
703 2598 961 2705 dies²³liingulos
978 2614 1002 2703 ¹,
1026 2600 1163 2682 brullio*

151 2764 206 2810 res
230 2736 348 2810 literas
383 2733 429 2807 ad
462 2747 497 2807 te
532 2734 645 2806 mitto.
681 2708 852 2824 Quotidie
887 2733 982 2805 enim
1015 2722 1134 2833 magis
1143 2729 1162 2782 '²

151 2842 313 2965 suspicor
337 2877 372 2934 te
397 2862 435 2934 in
455 2861 607 2961 Epirum
624 2862 693 2932 iam
712 2859 919 2958 profectum.
939 2857 1010 2930 Sed
1026 2838 1163 2960 tamen,

150 3004 192 3075 ut
215 2988 422 3083 mandatum
448 2989 537 3082 scias
564 3013 620 3058 me
648 3011 809 3084 curasse,
842 2999 930 3086 quot
960 3000 1042 3058 ante
1062 2987 1180 3086 ³,ait

151 3141 188 3188 se
204 3115 395 3213 Pompeius
421 3114 549 3213 quinos
573 3111 769 3211 praefectos
783 3111 987 3187 'delaturum
1005 3094 1120 3186 novos
1132 3113 1163 3212 l,

151 3241 379 3313 vacationis⁵
412 3240 630 3312 iudiciariam
662 3263 813 3312 oausam.
845 3241 924 3337 Ego
959 3264 1070 3339 quum
1092 3240 1162 3311 tri-

153 3367 278 3465 duum,
296 3392 377 3440 oum
392 3367 566 3466 Pompeio
593 3379 629 3438 et
656 3366 752 3466 apud
769 3366 980 3464 Pompeium
1003 3364 1163 3462 fuissem,

150 3491 399 3593 proficiscebar
422 3490 651 3564 Brundisium
677 3518 705 3564 a.
734 3490 767 3562 d.
785 3490 906 3565 XIII6
923 3467 1001 3563 Kal.
1026 3491 1158 3578 Iunias.

151 3621 276 3693 Civem
300 3617 397 3691 illum
424 3620 601 3719 egregium
628 3616 891 3720 relinquebam,
916 3630 953 3689 et
978 3616 1024 3688 ad
1050 3615 1163 3719 haec,

152 3773 241 3848 quae
267 3747 435 3819 timentur
448 3767 473 3845 7,
490 3740 730 3846 propulsanda
747 3736 1008 3845 paratissimum
1021 3744 1045 3815 ⁸.
1064 3722 1161 3843 Tuas

150 3871 268 3946 literas
294 3873 524 3974 exspectabo,
552 3901 661 3976 quum
687 3887 743 3973 nt,
770 3872 854 3974 quid
881 3897 979 3971 agar,
1004 3884 1098 3968 tum,
1123 3883 1165 3942 ut

151 3996 212 4071 nbi
239 3999 327 4099 sisa,
353 4001 469 4077 sciam.
