2616 4852
156 364 226 457 404
519 376 786 427 tunorarronns

196 485 385 563 aliorumque
405 479 474 540 libri
496 477 610 559 aliquot
630 494 807 556 causamque
820 481 1016 550 cognoscam,
1036 470 1084 532 vel
1101 493 1143 532 ⁰0·
1171 553 1177 569 .

195 601 324 670 gnoscat.
882 590 884 594 ’

157 698 194 758 52
216 698 265 756 Sic
286 689 628 772 cumvutgotmb.15;
649 689 699 749 alii
720 707 823 747 omnes
842 687 1065 756 intercessisset,
1077 706 1146 765 quo·

196 824 265 862 rum
285 802 375 862 etiam
396 797 496 882 plures
517 797 595 857 infra
615 816 685 855 oum
706 794 766 854 Zel.
780 795 821 866 A,
842 793 1019 872 Graeviano
1039 801 1069 852 et
1087 791 1147 852 edd.

197 906 275 970 Med.
295 906 368 966 Min.
389 917 419 964 et
436 903 474 962 de
493 922 530 962 ea
552 923 584 962 ne
609 901 653 961 ad
676 901 752 960 hune
776 897 908 960 ordinem
936 897 1055 980 referri,
1074 897 1148 978 quod

197 1012 335 1097 placebat
354 1014 412 1071 lac.
433 1011 598 1070 Gronovio.
619 1010 682 1068 Cur
701 1010 782 1067 enim
803 1006 841 1066 ad
860 1005 1033 1088 populumi

158 1123 197 1183 53
218 1123 387 1181 Praetorias
406 1115 576 1201 provincias
591 1127 723 1178 recenset
736 1117 909 1187 Manutius,
931 1115 1147 1184 Macedoniam,

199 1229 329 1297 loriam,
349 1229 470 1298 Asiam,
490 1224 639 1295 Siciliam,
658 1224 828 1283 'Sardiniam
849 1243 920 1282 eum
947 1222 1087 1294 Corsica,
1103 1222 1146 1281 Bi·

199 1333 232 1392 th
234 1335 336 1413 yniam
350 1353 420 1391 cum
434 1332 543 1402 Ponto,
554 1332 690 1401 Cretam,
701 1340 733 1390 et
744 1329 975 1401 Mauritaniam,
989 1330 1075 1388 cuius
1087 1349 1146 1409 pars

199 1435 309 1506 lubae,
331 1437 424 1496 altera
445 1437 587 1496 Romanis
608 1437 742 1517 paruisse
762 1433 887 1494 dicenda
900 1444 961 1507 est,
975 1454 1073 1514 quum
1086 1434 1147 1494 Cae

200 1564 249 1602 sar
271 1543 359 1621 (Bell.
384 1543 447 1603 Civ.
469 1541 554 1621 1‚6)
584 1541 706 1602 scribat:
733 1539 776 1601 od
794 1541 936 1601 Senatum
961 1539 1101 1621 restatur,
1124 1551 1147 1599 rt

192 1646 330 1709 Faustus
345 1649 432 1710 Sutor
441 1669 497 1729 pm
508 1661 645 1729 praetore
656 1649 686 1707 ia
707 1647 918 1708 Mauritaniam
938 1647 1078 1707 mittatur.
1090 1645 1145 1706 Dil-

200 1754 319 1814 ficultas
339 1758 437 1815 oritur
456 1776 491 1814 ex
512 1776 562 1827 eo,
583 1753 665 1836 quod
680 1753 799 1826 Cilicia,
813 1774 904 1834 quam
917 1753 1084 1813 consularis
1096 1754 1146 1822 vir,

201 1874 235 1922 ut
262 1862 369 1922 Cicero
395 1872 477 1933 erat,
502 1859 749 1932 administrabat,
769 1863 801 1920 in
827 1859 887 1920 hoc
911 1859 1058 1933 decreto,
1077 1857 1146 1940 quod

201 1967 241 2028 de
260 1969 423 2050 provinciis
443 1969 601 2049 praetoriis
614 1976 692 2038 erat,
712 1965 896 2039 includatur,
917 1987 953 2027 ac
972 1965 1101 2048 proinde
1112 1967 1146 2025 iu·

202 2083 249 2133 ter
268 2076 434 2155 praetorias
453 2083 636 2133 numeretur.
657 2071 836 2133 Difficultati
857 2073 991 2133 occurrit
1011 2075 1076 2154 ipse
1095 2070 1146 2132 Ma·

202 2181 319 2251 nutius,
339 2181 456 2260 aitque,
475 2181 644 2260 provincias
665 2179 835 2240 consulares
850 2178 1015 2261 appellari,
1034 2183 1066 2240 in
1085 2198 1145 2260 quas

203 2284 373 2345 consulares
393 2287 470 2356 viri,
489 2287 654 2367 praetorias
675 2306 748 2348 vero
768 2288 799 2347 in
827 2306 902 2367 quas
921 2287 1070 2368 praetorii
1089 2286 1144 2345 mit·

203 2389 351 2451 rebantur.
372 2391 478 2453 Fuisse
491 2403 593 2454 autem
612 2403 790 2474 potestatem
811 2394 941 2464 senatui,
954 2403 987 2454 et
999 2389 1144 2473 aliquando

205 2494 329 2557 tribuno
348 2500 439 2558 etiam
459 2499 515 2581 pl,
536 2518 612 2580 quos
632 2499 736 2571 vellet,
756 2502 787 2559 in
805 2500 983 2581 provincias
1008 2495 1143 2566 mittendi,

203 2604 267 2663 sive
286 2605 456 2668 consulares
477 2607 539 2666 sire
559 2607 702 2687 praetorii
722 2606 848 2682 tuerint,
866 2606 960 2686 idque
980 2603 1110 2665 defendit
1119 2620 1143 2661 er

205 2711 341 2771 oratione
361 2711 400 2771 de
419 2688 587 2772 Provinciis
608 2711 829 2784 consularibus,
843 2722 872 2773 et
892 2732 948 2794 pro
970 2713 1080 2772 Domo.
1099 2705 1143 2768 Sed

203 2817 227 2876 si
248 2818 315 2898 quis
341 2815 441 2879 adhuc
467 2828 610 2899 quaerat,
631 2841 685 2879 cur
710 2821 861 2901 praetoria
885 2838 968 2878 nunc
995 2816 1064 2889 fiat,
1083 2832 1143 2897 quae

203 2923 365 2984 consularis
386 2903 472 2984 antea
492 2925 607 2997 fuerat,
627 2926 833 2987 administrata
852 2944 907 3008 per
927 2943 1024 2984 annos
1046 2922 1143 3002 aliquot

203 3047 222 3084 a
241 3026 338 3088 trihus
359 3028 565 3090 consularibus
585 3031 731 3103 Lentulo,
753 3033 852 3113 Appio
878 3041 909 3092 et
933 3029 1095 3099 Cicerone,
1110 3044 1142 3085 re

203 3131 330 3212 spondet
349 3136 458 3196 iterum
480 3136 646 3208 Manutius,
666 3135 726 3197 hoc
738 3159 756 3198 a
769 3137 963 3218 Pompeianis
977 3146 1078 3198 astuto
1089 3151 1142 3194 cou-

203 3237 269 3296 silio
296 3237 425 3312 factum,
452 3253 485 3300 ut
510 3241 712 3303 consularium
743 3244 970 3325 provinciarum
996 3258 1141 3306 nument,

203 3363 264 3401 una
284 3357 414 3417 exemto,
434 3345 520 3407 fieret
540 3352 709 3429 angustior,
730 3370 828 3431 eoque
855 3351 966 3409 certior
993 3370 1061 3431 spes
1085 3349 1142 3407 esset

204 3449 352 3510 adimendi
374 3452 486 3514 Gallias
507 3455 640 3528 Caesari,
655 3478 749 3538 quum
763 3457 837 3516 duas
854 3465 973 3516 tantum
991 3454 1140 3515 consulares

149 3593 161 3618 ο
203 3557 373 3636 provincias
393 3558 459 3640 lege
480 3561 660 3642 Sempronia
680 3564 799 3624 decerni
814 3584 869 3644 per
883 3572 1021 3624 senatum
1039 3566 1139 3642 oporte·

204 3671 250 3720 ret
265 3663 337 3742 (pro
355 3664 457 3724 Domo
471 3689 506 3748 93
526 3667 563 3727 de
576 3668 667 3729 Prov.
682 3670 771 3729 Cons.
786 3692 818 3749 73
838 3669 956 3728 Caesar.
970 3667 1042 3728 Bell.
1054 3667 1108 3726 Cir.
1118 3660 1137 3726 l,

204 3789 228 3826 c.
249 3765 295 3847 6).
317 3769 494 3832 Consulares
515 3785 616 3834 autem
643 3775 706 3836 hoc
721 3797 818 3848 anno,
839 3776 862 3835 si
883 3775 1019 3835 Ciliciam
1043 3773 1135 3833 demas.

204 3883 262 3935 tres
277 3884 393 3938 tantum
406 3891 545 3942 numerat
565 3881 645 3943 idem
662 3883 831 3956 Manutius,
852 3881 1028 3964 Hispanias,
1048 3875 1134 3941 Gallias
