2616 4852
168 354 234 446 148
461 380 465 389 ’
504 369 675 418 urrsronn
703 371 812 418 ccxix.
937 367 1067 415 nnc.
1087 381 1134 428 7⁰²

161 478 302 552 Ciliciae
328 477 413 547 fines
439 472 665 572 adducerem,
692 492 867 575 quumque
893 471 977 543 mihi
1002 498 1083 571 rex,
1099 499 1160 572 pa·

160 603 294 676 telactis
320 604 389 673 iam
423 599 577 698 insidiis,
609 626 682 672 non
715 625 815 698 egere
848 599 1001 670 exercitu
1035 597 1160 698 populi

160 730 327 826 Romani,
354 727 416 801 sed
441 752 546 827 posse
564 753 600 798 se
619 727 688 798 suis
715 725 841 824 opibus
860 723 1046 796 defendere
1065 723 1160 798 vide-

158 869 268 927 retur:
294 855 391 926 illum
418 853 619 926 cohortatus
646 877 738 951 sum,
762 866 803 923 ut
827 853 865 922 in
890 878 951 923 sua
978 852 1052 925 vita
1078 875 1160 924 con-

158 981 329 1055 servanda
354 982 506 1081 primum
530 1005 674 1076 regnare
693 978 858 1076 disceret,
884 1005 903 1050 a
931 976 1058 1078 quibus
1082 1003 1160 1076 per·

158 1109 325 1206 spexisset
351 1105 416 1178 sibi
442 1106 584 1178 insidias
608 1119 764 1205 paratas,
780 1107 817 1175 in
835 1117 895 1177 eos
913 1115 1069 1176 uteretur
1085 1104 1159 1174 iure

158 1234 272 1331 regio,
296 1258 411 1332 poena
429 1232 581 1304 afficeret
606 1257 685 1329 eos,
711 1257 799 1331 quos
815 1256 956 1303 necesse
974 1242 1085 1327 esset,
1109 1254 1160 1300 re·

159 1359 272 1460 liquos
298 1373 394 1431 metu
426 1359 588 1431 liberaret
605 1375 651 1454 2⁰3
676 1357 851 1458 praesidio
884 1356 1057 1428 exercitus
1090 1355 1159 1426 mei

158 1485 204 1556 ad
229 1512 364 1583 eorum,
390 1487 512 1587 quiin
537 1484 640 1584 culpa
666 1498 799 1582 esseut,
824 1485 985 1556 timorem
1018 1482 1160 1581 potius,

159 1637 263 1711 quam
296 1610 342 1684 ad
373 1612 637 1684 contentionem
655 1625 682 1659 ²¹
710 1623 881 1707 uteretur,
913 1607 985 1681 fore
1020 1620 1163 1706 autem,

158 1751 199 1808 ut
225 1762 367 1837 omnes,
390 1764 498 1839 quum
524 1751 663 1810 senatus
690 1735 888 1809 consultum
916 1749 1079 1834 nossent,
1109 1737 1159 1806 in·

59 1909 62 1913 .
157 1861 366 1962 telligerent,
390 1890 447 1936 me
472 1866 561 1962 regi,
588 1866 616 1936 si
643 1889 731 1964 opus
750 1877 857 1962 esset,
882 1889 924 1934 ex
950 1862 1156 1935 auctoritate

155 2002 271 2061 vestra
296 1990 471 2088 praesidio
497 1989 660 2062 futurum.
693 1992 747 2062 Ita
774 1991 979 2062 confirmato
1013 1987 1092 2087 ill0,
1117 2013 1153 2059 ex

156 2136 199 2185 eo
224 2113 304 2186 loco
330 2129 441 2188 castra
467 2118 579 2214 movi,
603 2117 671 2188 iter
696 2118 733 2187 in
766 2112 924 2189 Ciliciam
956 2115 1072 2186 facere
1106 2115 1152 2185 iu·

157 2239 270 2312 stitui:
297 2267 403 2342 quum
426 2242 492 2314 hac
510 2243 677 2342 opinione
704 2269 723 2314 e
748 2242 976 2343 Cappadocia
1003 2239 1152 2314 discede·

155 2390 243 2464 rem,
268 2380 308 2438 ut
334 2367 479 2440 consilio
505 2383 640 2470 vestro,
666 2397 748 2442 casu
773 2367 968 2442 incredibili
986 2395 1027 2441 ac
1044 2393 1151 2469 paene

157 2489 296 2592 divino,
320 2515 454 2593 regem,
484 2522 588 2597 quem
619 2523 684 2569 vos
716 2495 1069 2569 honorificentissime
1097 2520 1152 2594 ap·

155 2616 347 2715 pellassetis
365 2637 407 2717 ²²,
431 2621 528 2695 nullo
561 2623 763 2723 postulante
782 2626 825 2722 ²³,
851 2648 1023 2723 quemque
1057 2646 1152 2694 meae

46 2793 49 2797 -
154 2743 235 2816 fidei
268 2748 593 2846 commendassetis,
626 2764 662 2821 et
695 2750 793 2823 cuius
829 2749 976 2822 salutem
1010 2773 1152 2847 magnae

152 2869 254 2942 vobis
293 2900 395 2946 curae
433 2902 507 2948 esse
546 2874 809 2975 decrevissetis,
845 2901 943 2948 meus
981 2874 1152 2947 adventus

152 3000 393 3095 praesentibus
423 3002 556 3074 insidiis
588 3003 744 3075 liberarit
762 3002 802 3074 24.
831 3001 939 3094 Quod
972 3001 1020 3073 ad
1046 3028 1111 3075 vos
1135 3027 1153 3072 a

152 3147 209 3192 me
243 3123 364 3221 scribi,
388 3151 461 3198 non
495 3127 645 3200 alienum
677 3132 819 3229 putavi,
844 3142 884 3200 ut
916 3127 1153 3226 intelligeretis

153 3273 195 3319 ex
219 3249 279 3348 iis,
303 3263 393 3351 quae
417 3278 530 3351 paene
563 3253 780 3354 accidemnt,
810 3281 875 3329 vos
906 3253 1021 3326 multo
1055 3267 1157 3350 ante,

153 3400 198 3445 ne
225 3402 265 3447 ea
291 3376 511 3477 acciderent,
536 3380 748 3482 providisse3
781 3407 892 3483 eoque
927 3407 991 3455 vos
1024 3379 1157 3452 studio·

153 3501 224 3573 sius
250 3501 315 3574 l'eci
342 3507 522 3605 certiores,
548 3508 644 3608 quod
676 3510 713 3580 in
746 3535 825 3606 rege
851 3508 1091 3582 Ariobarzane
1116 3532 1154 3578 ea

151 3626 237 3698 mihi
263 3631 359 3727 signa
385 3631 508 3706 videor
532 3634 687 3733 virtutis,
712 3637 858 3734 ingenii,
885 3635 984 3734 fidei,
1009 3633 1155 3707 benivo-

47 3759 48 3762 ’
150 3752 345 3855 lentiaeque
372 3783 450 3855 erga
468 3783 531 3831 vos
549 3762 780 3860 perspexisse,
806 3775 935 3833 utnon
954 3761 1029 3832 sine
1049 3784 1150 3833 causa

152 3893 288 3953 tantam
315 3909 433 3956 curam
459 3880 743 3989 diligentiamque
768 3890 806 3961 in
833 3890 905 3961 eius
923 3912 987 3961 vos
1006 3888 1151 3961 salutem

69 4035 75 4043 ·
151 4005 342 4081 videamini
369 4011 565 4086 contulisse.
