2616 4852
153 343 225 436 408
503 337 772 407 t'uuorrtrrouns

153 486 169 545 7
191 461 436 546 Repraesentavi,
455 460 635 541 cogitatione
655 462 721 542 Ipsa
740 454 815 518 mihi
828 436 1034 520 ¹ante‘oculos
1051 464 1128 542 posui

190 571 231 631 Et
244 571 343 630 statim
354 566 562 638 adolescentes,
572 586 695 648 quos-
704 566 830 638 mous,
844 567 958 626 iactare
972 562 1075 626 solitus
1088 578 1135 628 est:

192 675 275 759 quod
294 674 363 736 feeit
383 673 565 761 aedilitatem
584 684 706 755 petens3
727 692 822 753 quum
836 650 967 744 diceret,
987 693 1020 732 se
1039 675 1136 754 gratio

191 802 294 842 sorum
314 783 345 840 in
366 779 517 860 suffragiis
544 777 765 838 adolescentum
791 799 887 860 opera
912 777 1041 839 aedilem
1069 779 1138 837 lutu-

191 897 276 959 rur'n,
289 907 335 968 ep.
350 885 547 958 CLXXVIII,
566 906 589 944 1.
604 887 793 946 Iuventatem
807 884 940 946 ostendit
954 886 987 944 in
1000 882 1138 964 suffragiis
1165 883 1167 887 ’

191 995 358 1076 plurimum
377 1011 474 1073 posse.
494 990 622 1072 Proprie
642 993 722 1051 enim
736 990 962 1051 adolescentum
976 994 1071 1073 gratia
1086 1000 1137 1060 est,

191 1102 326 1160 vlrorum
347 1099 517 1158 auctoritas.
540 1096 656 1158 Manat.
678 1097 803 1178 Aliquae
823 1097 890 1158 edd.
911 1098 1072 1159 mutabat.

152 1205 172 1266 8
192 1207 279 1284 Quae
299 1203 337 1264 de
358 1204 410 1265 illo
431 1205 561 1284 cogitavi
581 1224 730 1285 exponere
750 1223 811 1264 non
824 1203 911 1264 facile
925 1224 1060 1286 possum.
1080 1201 1137 1262 Ma·

189 1324 251 1373 nul.
271 1312 343 1373 Mox
363 1311 564 1392 contemplans
583 1310 658 1383 vidit
679 1306 913 1370 Manutius‘uon
927 1293 1011 1382 esse,
1030 1330 1091 1390 quo
1102 1329 1137 1367 ro

191 1419 318 1490 feratur,
338 1428 368 1479 et
388 1416 489 1477 deesse
509 1417 638 1478 verbum
657 1420 782 1498 poiitae,
801 1437 896 1497 quum
917 1417 1028 1478 Cicero
1050 1414 1136 1475 locum

145 1549 148 1553 ²
196 1545 258 1584 non
278 1523 454 1606 expleverit,
474 1534 510 1584 ut
532 1521 683 1583 interdum
704 1522 787 1584 solet.
807 1521 895 1583 Amb.
921 1522 958 1582 13
978 1541 1071 1604 quam
1089 1541 1136 1580 rum

190 1633 288 1711 egeris.

151 1735 366 1819 9Versiculus
387 1744 431 1794 est
456 1704 596 1811 Caecilii;
616 1721 749 1795 eiusdem
776 1746 859 1806 sunt,
886 1737 941 1816 qui
970 1743 1077 1817 postea
1103 1752 1134 1791 se-

192 1853 335 1925 quuntur.
367 1842 486 1902 Setun.
519 1841 611 1920 Quod
638 1824 774 1922 sequitur
781 1842 931 1902 Rutilius
957 1834 1153 1902 emendabat

191 1947 274 2032 quod
289 1962 411 2030 praeter
427 1949 606 2030 opinionem,
627 1960 656 2010 et
675 1951 746 2031 queit
771 1947 908 2009 additum
937 1969 1069 2031 superne
1090 1967 1133 2029 pu·

135 2128 138 2132 ¹
190 2057 275 2117 tabat
294 2077 313 2116 a
338 2057 524 2138 glossatore,
548 2058 632 2137 quasi
659 2055 742 2138 quod
764 2057 835 2138 quib
861 2054 1067 2137 significaret,
1087 2073 1133 2114 non

190 2183 268 2244 quae
287 2183 333 2221 res
337 2207 349 2235 ,
368 2173 397 2222 et
418 2161 545 2224 verbum
567 2162 726 2243 referebam
744 2174 821 2223 esset
834 2162 1088 2244 complementum
1108 2168 1133 2222 rs·

190 2268 409 2349 contemplans,
431 2278 472 2328 et
485 2269 534 2319 τοῦ
560 2268 717 2329 acciderat.
744 2269 805 2328 Nec
832 2268 920 2333 aliter
946 2289 1003 2328 ms.
1035 2265 1132 2328 Recalc
1172 2322 1174 2327 .

190 2393 279 2454 quam
304 2376 395 2454 egeris
406 2375 579 2456 -fiecen's,
604 2373 748 2458 quodque
762 2387 898 2456 praeter
904 2385 961 2436 etc.
982 2372 1038 2436 Ad
1061 2369 1174 2442 illud,
1171 2334 1174 2433 l

190 2481 349 2552 nimirum,
369 2479 408 2540 ad
428 2481 503 2542 illud
522 2486 639 2565 poetae
660 2481 748 2542 Amb.
769 2501 825 2542 seo.
846 2482 901 2542 boc
912 2481 1043 2563 scrotum.

155 2606 190 2646 ιο
209 2584 251 2647 Et
270 2585 330 2647 hoc
350 2569 483 2648 eiusdem
503 2593 612 2670 poie‘tae
631 2598 690 2660 est,
707 2568 801 2670 quem
823 2591 934 2671 opinor
954 2609 1020 2648 esse
1047 2585 1129 2647 Caeci-

145 2715 147 2719 ·
189 2693 265 2752 lium
292 2693 443 2754 Trabeam
471 2697 638 2783 comicum,
660 2695 698 2754 de
719 2715 780 2776 quo
801 2694 852 2755 lib.
874 2696 917 2766 II,
938 2716 962 2754 c.
984 2695 1007 2771 4
1026 2693 1061 2753 de
1078 2691 1133 2750 Ρίιι

189 2799 308 2875 Manat.
334 2801 611 2884 Martyni-Lagima
630 2812 660 2862 et
681 2799 838 2862 Schiitzius
864 2801 981 2862 laetiui's
1001 2801 1088 2862 laetus
1103 2815 1128 2856 er

188 2904 258 2966 loco
278 2909 328 2966 eit.
444 2989 445 2992 Ἴ

154 3029 185 3069 ιι
208 3011 264 3071 Est
283 3005 449 3074 versiculus
475 3034 538 3074 uon
563 3023 643 3074 totus
669 3013 806 3074 Trabeae
836 3018 944 3097 poetae
972 3013 1084 3074 comici.
1105 3009 1128 3066 lu

189 3118 281 3178 Tusa.
300 3119 355 3191 IV,
379 3117 414 3180 15
433 3123 550 3201 integer
569 3132 628 3193 est,
649 3123 794 3182 sententia
814 3123 878 3181 eius
900 3131 980 3181 certe
994 3140 1055 3180 non
1071 3116 1128 3176 desi·

189 3223 327 3285 deretur:
344 3227 389 3289 Vt
406 3227 472 3299 ille,
492 3229 545 3310 qui
562 3229 739 3310 voluptatem
757 3228 849 3288 ant'rrti
867 3229 989 3288 rdmiam
1008 3240 1127 3287 summum

187 3349 316 3390 errorem
328 3353 389 3391 esse
406 3333 571 3393 arbitratur.
592 3333 755 3395 Victorius.
776 3332 940 3393 Hominum
960 3334 1075 3394 abarum
1091 3329 1126 3387 tti-

188 3436 271 3509 vius,
291 3438 399 3499 lzomiru'
417 3461 461 3512 m,
481 3439 531 3501 vel
551 3440 642 3500 habui
661 3442 778 3500 nimime
797 3440 915 3520 aliquot
934 3438 1006 3501 libri
1024 3437 1125 3501 habent,

144 3533 147 3637 ζ
189 3529 365 3634 sedsomnes
385 3566 486 3607 errare
507 3546 692 3617 Lambinus,
718 3545 802 3606 locus
824 3547 1080 3617 Tusculanarum,
1095 3550 1123 3608 eb

155 3639 162 3651 '
189 3635 272 3730 qdod
291 3652 393 3731 potius
414 3651 553 3712 omnibus
574 3662 635 3724 est,
655 3653 799 3712 orationis
827 3663 984 3714 contextus
1010 3650 1120 3712 declarat·

153 3772 188 3812 ra
210 3754 326 3816 Stultus
346 3768 383 3817 ut
400 3758 459 3820 ille.
481 3758 598 3820 Manat.

154 3860 188 3919 13
208 3861 279 3922 Ree.
300 3874 331 3923 et
351 3863 411 3927 Zel.
431 3865 456 3925 B
477 3877 580 3930 nactus
606 3867 667 3929 otii
690 3865 762 3928 Mox
783 3865 843 3926 zet.
865 3869 892 3927 A
918 3865 959 3925 Te
983 3850 1044 3928 bem
1066 3856 1115 3921 miti·

176 3965 246 4047 fiee
265 3967 364 4051 diligo.
