2616 4852
157 319 213 443 ‘7⁰
514 363 686 437 eprsroua
713 364 822 410 cxcix.
948 360 977 408 Λ.
998 366 1031 410 v.
1050 365 1077 408 c.
1099 376 1145 424 702
1187 320 1191 334 ⁴

164 467 278 568 quivis
304 446 481 565 nostrum,
507 467 543 537 in
569 466 760 565 primisque
787 490 850 563 ego
859 521 868 563 7
890 466 949 564 qui
968 492 1050 536 cum
1067 467 1172 538 Pom·

162 595 244 694 peio
270 592 470 694 complures
504 592 611 664 dies?
638 592 742 664 nullis
775 593 812 663 in
845 591 940 688 aliis,
969 593 1035 665 nisi
1064 593 1171 666 dere

161 719 326 820 publica,
359 717 579 792 sermonibus
611 732 771 792 versatus
811 744 888 790 sum
903 746 909 790 :
927 800 930 804 ,
950 746 1038 820 quae
1053 721 1074 798 ’3,
1099 746 1172 819 *ricc

162 860 314 946 possunt
338 845 466 945 scribi,
499 872 567 918 nec
591 844 777 918 scribenda
802 860 893 918 sunt.
922 845 1079 918 Tantum
1109 845 1172 917 ha-

162 972 247 1046 beto
255 1029 270 1076 ,Ι
291 974 404 1047 civem
431 974 607 1071 egregium
633 999 708 1046 esse
733 973 960 1073 Pompeium,
977 985 1013 1044 et
1035 972 1082 1047 ad
1098 997 1188 1049 om,

162 1101 239 1199 uia,
264 1108 354 1200 quae
371 1098 592 1199 providenda
609 1101 746 1173 suntin
764 1125 801 1172 re
822 1097 981 1200 publica,
998 1112 1035 1172 et
1052 1099 1174 1173 animo

162 1240 198 1297 et
223 1225 369 1298 consilio
394 1239 566 1326 paratum.
595 1227 714 1317 Quare
740 1225 785 1299 da
812 1240 847 1299 te
874 1225 1051 1299 hominis:
1076 1253 1172 1303 com·

161 1351 361 1453 plectetur7,
384 1351 471 1424 mihi
505 1352 629 1425 crede..
651 1355 727 1426 Iam
760 1351 869 1425 iidem
898 1352 948 1424 illi
967 1369 996 1403 ¹⁰
1023 1368 1061 1426 et
1085 1353 1172 1426 boni

161 1492 198 1551 ct
223 1477 305 1551 mali
331 1479 428 1552 cives
453 1478 639 1579 videntur,
665 1479 724 1580 qui
750 1478 854 1552 nobis
883 1478 991 1553 videri
1017 1479 1144 1553 solent.

212 1634 233 1678 2
260 1605 338 1704 Ego
364 1631 473 1706 quum
490 1605 638 1678 Athenis
664 1605 789 1680 decem
804 1607 902 1707 ipsos
919 1605 1173 1707 diessuissem7

160 1731 380 1833 multumque
405 1739 545 1804 mecum'
562 1731 685 1806 Gallus
711 1747 832 1806 noster
848 1733 1016 1806 Caninius
1033 1749 1074 1830 ¹¹,
1092 1759 1171 1832 pro

159 1857 342 1932 ficisceb'ar
365 1857 449 1931 inde
474 1859 588 1959 pridie
613 1859 734 1934 Nonas
760 1858 953 1958 Quintiles,
971 1885 1082 1960 quum
1099 1859 1168 1933 hoc

160 1983 208 2058 ad
233 1997 268 2058 te
292 1962 472 2058 literarum
499 1983 589 2058 dedi.
609 1985 691 2058 Tibi
716 2012 824 2089 quum
843 1986 963 2058 omnia
979 2011 1059 2059 mea
1076 1971 1178 2064 com·v

158 2109 422 2187 mendatissima
447 2137 523 2184 esse
549 2113 673 2213 cupio⁷
698 2126 774 2185 tum
799 2112 888 2186 nihil
914 2115 1044 2212 magis,
1061 2089 1167 2216 quain

157 2262 204 2312 ne
222 2253 253 2289 ¹²
278 2251 421 2341 tempus
443 2236 547 2312 nobis
572 2240 775 2338 provinciae
800 2253 1020 2353 prorogetur.
1053 2243 1097 2314 In
1123 2266 1165 2333 eo

158 2364 246 2438 mihi
271 2378 354 2440 sunt
378 2365 505 2439 omnia.
531 2366 639 2462 Quod
665 2367 828 2469 quando,
861 2366 1043 2470 quomodo
1064 2370 1107 2467 ¹³,
1134 2382 1167 2440 et

160 2517 225 2591 per
250 2517 339 2594 quos
364 2492 540 2592 agendum
560 2494 622 2593 sit7
638 2507 677 2566 tu
695 2496 829 2597 optime
847 2494 1050 2568 constitues.
1067 2494 1166 2571 Vale.

619 2749 689 2822 CC·
784 2811 786 2815 ·
936 2791 1090 2851 (lanisv,
1101 2793 1145 2848 ia)

157 2923 380 3006 Argumentum.
405 2947 415 2985 r
441 2925 554 2987 Scribit
573 2927 611 2988 de
631 2931 824 3009 navigatione
851 2950 906 2989 sua
926 2950 1023 3010 usque
1044 2927 1085 2988 ad
1106 2929 1167 2989 De-

197 3028 261 3092 lum
293 3031 443 3107 insulam3
475 3053 493 3090 a
522 3033 560 3092 de
592 3037 635 3094 rei
669 3034 754 3116 publ.
782 3046 862 3095 statu
889 3056 920 3096 se
948 3037 1038 3098 Attici
1065 3035 1167 3097 literas

196 3137 422 3218 exspectare;‚3
443 3140 532 3219 eique
552 3143 676 3221 negotia
696 3163 752 3202 sua
773 3141 974 3205 commendat.

197 3343 251 3397 scr.
268 3320 294 3396 n
313 3345 377 3396 man
395 3345 427 3396 aa
445 3346 605 3401 noueram
625 3351 655 3400 r.
675 3349 707 3402 v.
726 3349 755 3401 e.
775 3349 887 3416 occn,
908 3349 931 3400 v
951 3349 1013 3401 raus
1032 3349 1126 3418 Quint.

471 3546 617 3613 ClCERO
641 3548 793 3614 ATTICO
819 3551 850 3615 S.
884 3549 886 3559 ⁴

212 3781 225 3832 1
255 3756 444 3860 Negotium
476 3743 642 3864 magnum
674 3780 728 3839 est
764 3767 946 3871 navigare,
985 3780 1094 3869 atquc
1129 3764 1166 3838 id

156 3907 277 3960 mense
297 3886 455 3982 Quintili.
474 3891 580 3968 Sexto
606 3893 662 3966 die'
679 3890 805 3966 Delum
823 3890 971 3967 Athenis
995 3884 1164 3968 venimus.
