2616 4852
49 351 53 357 ·
154 326 225 419 ado
448 347 619 396 rmsrout
645 349 833 397 ccxxxviii.
924 347 956 396 Α.
973 352 1008 399 v.
1028 353 1056 399 c
1074 352 1120 414 ,aa

150 452 287 523 laceret.
314 448 421 543 Quod
438 477 546 550 quum
567 449 611 520 ab
629 448 688 520 illo
708 449 890 546 diligenter
906 464 1001 522 esset
1018 464 1144 526 actum:

151 603 216 676 ego
240 578 279 648 in
304 590 415 648 castra
441 601 470 647 a.
489 574 522 647 d.
539 575 610 647 VII
626 574 702 646 Kal.
721 574 896 674 Septemb.
923 577 1144 678 veni;·quum

151 704 283 777 interea
308 701 542 802 superioribus
576 700 698 773 diebus
729 726 772 772 ex
799 703 1145 804 senatusconsulto,

152 843 189 901 et
212 841 439 900 evocatorum
464 829 599 899 firmam
624 852 781 922 manum,
797 840 834 898 et
850 827 1045 928 equitatum
1066 854 1146 903 sane

152 953 335 1051 idoneum,
360 967 396 1024 et
420 952 633 1052 populorum
662 952 852 1024 liberorum
880 979 1073 1055 regumque
1097 983 1148 1030 so-

154 1080 288 1152 ciomm
312 1078 437 1152 auxilia
462 1079 659 1152 voluntaria
683 1080 987 1179 comparavissem.
1005 1082 1148 1156 Interim

155 1231 278 1306 quum,
310 1206 464 1278 exercitu
494 1204 642 1277 lustrato
654 1260 665 1305 7
695 1205 764 1277 iter
785 1205 823 1276 in
848 1204 1009 1280 Ciliciam
1040 1206 1148 1281 facere

156 1330 366 1431 coepissem:
382 1332 436 1404 ΠΙ
452 1330 552 1404 Kalr
572 1331 747 1432 Septemb.
763 1329 868 1428 legati
893 1357 914 1405 a
938 1357 1022 1433 rege
1046 1334 1147 1407 Com·

142 1457 376 1561 ¹magenoad
400 1484 457 1530 me
481 1457 596 1557 missi,
628 1455 921 1565 pertumultuose,
952 1483 1070 1561 neque
1099 1474 1144 1533 ta·

155 1610 238 1657 men
262 1602 335 1681 non
359 1611 461 1684 vere,
478 1584 629 1677 Parthos
653 1585 691 1656 in
717 1560 854 1684 Syriam
877 1585 1044 1677 transisse
1069 1612 1142 1660 uun·

155 1710 339 1785 tiaverunt.
356 1712 438 1802 Quo
457 1711 591 1811 audito,
608 1710 834 1786 uehementer
849 1737 928 1784 sum
946 1726 1141 1811 commotus

157 1862 266 1936 quum
291 1836 335 1909 de
359 1837 477 1937 Syria²
501 1851 578 1909 tum
604 1837 648 1910 de
673 1863 749 1909 mea
775 1837 983 1937 provincia,
1008 1838 1053 1911 de
1076 1837 1140 1912 reli·

158 1989 226 2063 qua
253 1962 409 2064 denique
428 1965 519 2036 Asia.
546 1964 670 2064 Itaque
695 1963 883 2036 exercitum
905 1963 1001 2036 mihi
1026 1964 1141 2038 duceu-

159 2086 244 2159 dum
268 2113 332 2188 per
356 2088 603 2188 Cappadociae
627 2089 806 2186 regionem
831 2110 928 2189 eam,
958 2082 1055 2191 quae·
1071 2088 1141 2164 Cili·

160 2213 250 2283 ciam
275 2213 481 2312 attingeret,
513 2214 645 2314 putavi.
678 2213 769 2288 Nam
801 2214 829 2286 si
855 2240 912 2286 me
936 2215 974 2286 in
1000 2202 1141 2319 Ciliciairi

159 2336 391 2437 demisissem‚
408 2339 565 2412 Ciliciam
586 2341 728 2442 quidem
751 2340 863 2439 ipsam
888 2348 1037 2441 propter
1062 2365 1142 2415 mon·

159 2462 205 2561 tis
230 2463 388 2561 Amani⁸
426 2480 586 2539 naturam
612 2467 712 2540 facile
744 2467 930 2539 tenuissem
958 2467 1053 2554 (duo
1076 2446 1142 2540 sunt

160 2589 254 2662 enim
280 2589 395 2664 aditus
420 2592 457 2663 in
483 2593 647 2681 Ciliciam!
666 2619 709 2664 ex
743 2593 859 2692 Syria5
890 2618 1041 2693 quorum
1065 2607 1142 2666 uter·

161 2741 229 2815 que
255 2718 373 2816 parvis
398 2719 578 2816 praesidiis
603 2732 750 2818 propter
774 2720 948 2815 angustias
973 2709 1142 2791 intercludi

159 2855 302 2942 potest,
334 2868 399 2915 nec
433 2858 486 2916 est
517 2847 702 2946 quicquam
728 2844 848 2917 Cilicia
873 2859 996 2916 contra
1022 2845 1143 2944 Syriam

159 2967 327 3039 munitius
344 2979 374 3066 >5
411 2969 474 3040 sed
505 2995 562 3042 me
595 2968 821 3070 Cappadocia
850 2950 1044 3069 movebat,⁴
1071 2953 1144 3070 quae

158 3103 259 3188 patet
292 3118 312 3164 a
348 3093 448 3190 Syria
466 3113 491 3192 9,
527 3122 693 3196 regesque
730 3094 837 3168 habet
873 3095 1063 3194 finitimos,
1096 3092 1145 3195 qui

160 3201 296 3310 etiamsi
329 3232 411 3290 sunt
444 3222 545 3292 amici
577 3221 700 3321 nobis⁷
727 3213 851 3293 ¹tamen
876 3236 1003 3325 aperte!
1022 3206 1144 3318 Parthis

159 3339 292 3433 inimici
324 3369 505 3434 essenon
539 3348 678 3420 audent.
713 3321 835 3448 Itaque
864 3347 902 3417 in
932 3324 1144 3447 Cappadocia

160 3479 314 3540 extrema
339 3495 412 3543 non
437 3472 539 3570 longe
566 3501 585 3546 a
609 3476 729 3548 Tauro
763 3473 858 3572 apud
891 3474 1065 3572 oppidum
1088 3473 1144 3568 Cy-

159 3587 268 3664 bistra
305 3611 418 3669 castra
457 3599 524 3670 feci
543 3617 582 3698 ¹⁰,
622 3614 660 3672 ut
697 3615 732 3672 et
765 3599 922 3672 Ciliciam
958 3614 1090 3694 tuerer,
1115 3606 1142 3664 et

90 3772 95 3784 ,
160 3715 422 3817 Cappadociam
459 3738 599 3822 tenens,
630 3751 723 3799 nova
757 3724 983 3796 finitimorum
1016 3719 1140 3795 consilia

159 3842 372 3942 impedirem.
400 3851 536 3924 Interea
562 3853 599 3922 in
624 3850 693 3925 hoc
720 3864 818 3924 tanto
845 3865 962 3948 motu,
992 3863 1148 3945 tantaque
