2632 4860
248 335 321 437 394
609 349 880 401 aanorsrrones

281 456 449 532 ccxxvi,
458 474 487 530 2,
500 453 552 517 sed
569 457 720 538 copiosius
733 455 772 514 ad
791 454 937 514 Catonem
949 470 996 535 ep.
1012 448 1255 526 ccxxxvm,

289 588 313 628 r.
335 567 455 627 Manat.

241 673 284 753 45
303 674 374 735 Rec.
395 684 427 734 et
446 669 512 733 edd.
545 680 616 731 vett.
644 667 689 730 ad
717 689 798 730 meos
802 713 813 744 ‚
843 667 928 751 quod
957 666 1087 729 Laliem.
1108 689 1145 729 ex
1168 672 1254 751 regiis

281 802 352 843 mss.
373 781 493 863 recepit.
515 779 645 840 Domum
664 775 709 838 ad
726 799 774 838 me
791 776 869 838 bene
889 775 950 836 dici
971 775 1105 838 vidimus
1127 798 1231 859 supra.

241 891 283 968 46
303 890 443 950 Correxit
465 886 596 949 Schiitz:
617 886 749 959 Arabes,
767 885 820 968 qui
827 883 955 966 fuerunt
973 884 1097 945 immissi
1116 884 1255 945 Parthico

283 1007 398 1058 ornatu.
421 995 467 1055 ita
488 996 570 1054 enim
583 992 703 1054 Caelius
716 991 821 1053 scribit
834 1012 882 1075 ep.
896 988 1074 1063 CCXXV,1
1091 1003 1166 1051 extr.
1186 993 1256 1051 Cas-

282 1103 357 1163 sium
364 1099 500 1183 finxisse
521 1101 644 1174 beilum,
656 1110 686 1161 et
698 1099 815 1161 Arabes
835 1099 865 1158 in
881 1098 1066 1182 procinctum
1085 1079 1255 1171 immisisse,

282 1228 390 1291 eosque
411 1208 540 1268 Parthos
559 1228 621 1268 esse
640 1207 758 1268 senatui
773 1207 962 1268 renuntiasse.
982 1204 1085 1277 Bene,
1106 1208 1226 1288 opinor.

238 1312 283 1398 47
303 1315 407 1392 Quam
428 1334 485 1397 per
504 1313 619 1397 legatos
636 1313 744 1376 absens
757 1311 1001 1386 administrabat,
1014 1323 1177 1395 acceptam
1192 1312 1253 1395 lege

279 1419 436 1483 Trebonio
456 1423 489 1482 in
510 1421 763 1504 quinquennium.
786 1420 905 1482 Manat.

662 1661 829 1722 ccxxur.
933 1646 936 1653 '
1004 1629 1008 1635 ’

244 1867 256 1908 r
278 1846 388 1909 Lemb.
407 1849 464 1910 etsi
480 1850 574 1911 multu
593 1847 632 1911 de
651 1870 683 1911 m
700 1849 785 1932 publ.

240 1954 331 2015 asie
358 1956 526 2030 Graevius,
557 1960 631 2040 quia
661 1957 782 2018 Caelius
807 1956 1063 2017 constructionem
1091 1956 1173 2018 benc
1193 1957 1246 2018 aii·

243 2117 247 2123 .
279 2064 398 2143 quoties
419 2062 528 2136 habet,
541 2075 575 2125 ut
588 2066 621 2124 in
639 2085 687 2148 ep.
709 2064 805 2138 CCII,
823 2085 834 2124 1
859 2075 892 2124 ut
909 2084 996 2125 suum
1013 2063 1161 2144 gaudium
1179 2086 1249 2146 gan-

276 2167 425 2243 denemus,
438 2180 468 2230 et
481 2170 683 2242 CCLXXX‚1
702 2183 764 2232 tam
773 2172 886 2252 gavisos
905 2173 1036 2232 nonum
1055 2195 1145 2233 sunm
1165 2171 1247 2233 dolo

280 2294 350 2334 arm.
370 2275 456 2335 Libri
475 2286 546 2337 vett.
567 2280 825 2360 qno-gavisurum
843 2290 908 2340 tum
923 2300 1052 2361 sequens
1066 2281 1166 2341 babeo
1178 2278 1252 2341 bene

281 2391 370 2463 putat
389 2381 553 2443 delendum
575 2387 667 2445 etiem
689 2385 867 2447 Eumenius.-

241 2487 259 2547 3
282 2486 340 2547 Hic
360 2487 474 2562 Rufus,
496 2491 579 2572 quod
600 2490 742 2554 habuerit
758 2514 828 2554 cum
841 2493 983 2557 Vestorio
996 2498 1251 2566 controversiam,

280 2604 316 2654 ut
335 2594 414 2655 infra
435 2616 559 2679 quoque
579 2597 649 2660 licet
669 2602 833 2676 coniicere,
848 2612 976 2662 vocetur
994 2600 1084 2683 Rrfio
1100 2602 1138 2665 V
1132 2604 1251 2664 estoni-

211 2716 215 2725 ‘
281 2695 354 2773 noer
379 2723 426 2786 ep.
455 2705 640 2779 CLXXXV,
664 2728 675 2768 1
708 2719 739 2770 et
764 2706 904 2780 cccvi,
929 2707 959 2769 6.
983 2711 1019 2768 ln
1040 2709 1129 2770 nulio
1152 2710 1250 2770 Ambr.

280 2828 381 2890 neque
401 2811 433 2870 in
453 2810 521 2872 edd.
544 2824 614 2874 ente
633 2815 714 2876 Man.
735 2826 767 2876 et
786 2814 971 2876 Lambinum
991 2836 1051 2876 vox
1075 2816 1189 2899 Rasum
1206 2820 1252 2876 ite·

280 2925 376 2975 ratur.
399 2917 466 2978 Mel
484 2940 523 2979 oc
541 2919 682 2996 deborae,
702 2924 816 2984 ironice
837 2923 957 2984 scilicet.

240 3019 261 3095 4
285 3019 474 3085 Uolumniam
495 3027 596 3106 sterne,
623 3040 658 3090 ut
679 3032 844 3110 proemium
864 3030 957 3113 sene.
982 3030 1166 3096 calumniae
1176 3077 1188 3107 ,
1206 3053 1251 3092 seu

282 3124 344 3185 litis
364 3127 455 3190 falsae
475 3143 505 3192 et
526 3134 730 3198 calumniosae
750 3139 916 3200 intentatae
944 3137 1148 3215 demnatum3
1177 3151 1207 3200 et
1226 3137 1251 3199 id

281 3251 353 3292 suae
379 3239 557 3300 temeritatis
583 3247 754 3324 praemium
779 3245 890 3306 tulisse.
912 3245 940 3305 I.
961 3244 998 3304 F.
1022 3243 1155 3308 Gronov.
1177 3248 1250 3307 Tum

279 3341 412 3401 maximo
429 3344 563 3424 plausu,
583 3350 726 3412 omnibus
747 3351 999 3435 approbantibus.
1020 3353 1112 3415 Amb.
1134 3374 1154 3414 2
1177 3355 1249 3415 tulis-

280 3465 334 3517 se,
365 3447 492 3529 quodie
512 3454 543 3513 in
562 3476 656 3517 eausa
679 3457 724 3517 M.
753 3458 901 3519 Tuccium.
928 3459 995 3520 Hoc
1020 3471 1125 3522 autem
1145 3480 1248 3522 nomen

227 3562 230 3567 ’
283 3567 473 3618 memoratur
495 3561 578 3642 apud
598 3564 723 3624 Livium
751 3564 804 3624 lib.
827 3566 984 3639 XXXVI,
1001 3567 1052 3644 41.
1075 3569 1159 3631 Vide
1180 3587 1249 3651 quae

280 3655 319 3718 de
347 3659 435 3723 Tutia
454 3667 571 3748 virgine
591 3671 702 3731 vestale
723 3671 842 3732 disserit
862 3672 1134 3737 Drakenborchius
1155 3675 1245 3737 adti-

280 3766 322 3826 vii
343 3771 497 3851 epitomen
517 3774 573 3836 lib.
594 3779 654 3838 XX
674 3780 738 3838 init.

241 3866 261 3928 5
282 3871 364 3936 Prid.
386 3878 462 3942 Non.
483 3881 640 3966 Septemb.
664 3885 864 3949 celebrantur.
