2616 4852
169 308 236 383 186
479 329 648 379 urrsrom
676 330 809 378 ccxxiv.
944 327 974 377 r.
993 333 1026 379 v.
1044 329 1072 375 c.
1089 340 1133 390 με

317 505 370 556 scr.
389 503 416 555 n
433 504 526 557 vicina
543 480 638 556 moui
655 505 733 556 rau-r
752 506 783 554 3.
803 502 835 553 r.
853 503 881 554 c
901 503 1014 570 occu,

555 609 640 643 mense
658 589 774 643 Octobri.

197 764 240 827 M.
265 765 301 826 Τ.
326 762 499 826 ClCEll0¹
526 762 670 826 CAELIO
694 762 797 826 RVFO
822 763 958 826 AEDILI
982 762 1128 826 CVRVLI

487 871 721 938 DESIGNATO
746 872 776 935 S.
799 872 838 934 D.

208 1062 398 1136 Primum²
423 1060 504 1159 tibi,
538 1074 577 1132 ut
610 1059 743 1157 debeo,
778 1058 948 1159 gratulor,
981 1042 1136 1161 laetorqu

160 1214 266 1288 quum
292 1188 484 1287 praesenti,
501 1200 576 1259 tum
594 1187 700 1259 etiam
718 1199 856 1285 sperata
875 1199 934 1257 tua
953 1185 1136 1285 dignitate?

160 1315 286 1412 serius,
317 1339 390 1385 non
415 1312 622 1411 negligentia
648 1338 743 1427 mea,
773 1312 836 1384 sed
860 1312 1083 1410 ignoratione
1107 1340 1136 1387 re

160 1466 238 1511 rum
263 1441 428 1511 omnium.
453 1440 496 1511 In
521 1437 591 1511 iist
608 1438 703 1509 enim
724 1463 801 1509 sum
818 1437 921 1536 locis,
938 1464 1010 1538 quo
1028 1452 1066 1510 et
1082 1464 1136 1538 pre

158 1578 238 1662 pter
262 1564 568 1666 longinquitatem,
594 1578 630 1636 et
654 1578 801 1664 propter
819 1563 1019 1662 latrocinia,
1037 1564 1136 1637 tardis

159 1691 387 1763 sime'omnia
414 1691 644 1791 perferuntur.
676 1692 726 1762 Et
751 1717 858 1791 quum
884 1689 1056 1788 gratulor,
1085 1703 1136 1762 tut

129 1851 131 1855 ·
159 1840 243 1891 vero
269 1817 395 1919 quibus
421 1817 536 1891 verbis
562 1816 627 1889 tibi
653 1817 778 1914 gratias
805 1842 922 1915 agam,
953 1841 1028 1889 non
1059 1841 1136 1916 repe

24 2000 30 2023 q
157 1943 232 2042 rio,
258 1943 354 2044 quod
379 1945 426 2016 ita
453 1943 564 2016 iactus
590 1945 635 2016 sis
649 1945 680 2042 ⁵,
691 1958 731 2016 ut
748 1942 885 2015 dederis
903 1941 1023 2039 nobis,
1042 1968 1136 2043 quen

157 2068 350 2141 admodum
374 2071 560 2168 scripseras
587 2069 634 2142 ad
658 2095 730 2168 me,
751 2087 854 2170 quem
881 2094 1020 2168 semper
1044 2069 1137 2142 rider

156 2219 347 2292 possemus.
383 2197 523 2296 Itaque,
560 2223 668 2298 quum
703 2190 857 2296 primum
893 2194 1014 2270 audivi
1032 2198 1058 2296 ⁶,
1090 2221 1136 2296 eg·

155 2317 213 2391 ille
237 2320 313 2419 ipse
344 2320 455 2393 factus
490 2348 589 2419 sum,
614 2322 681 2394 scis
707 2348 812 2422 quem
837 2320 974 2421 dicam3
999 2322 1124 2422 egique

155 2470 276 2519 omnes
301 2445 380 2520 illos
406 2447 661 2546 adolescentes,
687 2474 775 2550 quos
800 2446 858 2520 ille
882 2448 1029 2520 iactitat
1056 2447 1136 2521 Diffi

155 2570 219 2643 cile
245 2587 298 2645 est
322 2573 418 2675 loqui
431 2576 456 2646 ⁸.
474 2575 527 2646 Te
547 2589 663 2647 autem
690 2573 931 2674 contemplans
958 2573 1136 2647 absentem

154 2711 189 2770 et
222 2701 320 2800 quasi
352 2714 468 2773 tecum
502 2727 620 2774 coram
651 2700 830 2802 loquerer,
861 2702 953 2774 Non
977 2701 1128 2802 aedepol

151 2840 326 2925 quaestum
351 2832 459 2925 egeris
485 2854 572 2913 rem,
598 2853 712 2930 neque
737 2842 914 2929 quantum
925 2826 1084 2926 fizcinus
1093 2825 1136 2926 fe

151 2953 241 3022 ceris
258 2969 284 3050 9,
309 2953 405 3053 quod
431 2955 511 3055 quia
544 2969 684 3055 praeter
716 2955 920 3053 opinionem
948 2953 1037 3025 mihi
1061 2953 1135 3025 acci

153 3072 268 3175 derat,
302 3078 494 3152 referebam
530 3106 587 3152 me
620 3080 665 3153 ad
697 3079 805 3152 illud:
841 3078 1058 3153 Incredibile
1084 3078 1136 3151 ho«

145 3199 250 3290 suctu
274 3201 447 3275 obiicitur.
473 3207 630 3304 Repente
647 3231 731 3279 vero
753 3207 880 3279 incessi
897 3205 1064 3278 cornibus
1083 3206 1136 3279 lae

151 3328 236 3398 titiis
251 3345 289 3398 1⁰.
307 3330 349 3401 In
366 3356 436 3430 quo
455 3358 562 3432 quum
587 3332 805 3429 obiurgarer,
822 3331 919 3432 quod
943 3333 1053 3404 nimio
1072 3357 1136 3429 gau

152 3449 210 3525 dio
236 3481 347 3553 paene
381 3455 596 3558 desiperem,
628 3459 676 3530 ito
711 3485 767 3530 me
794 3456 1047 3531 defendebam:
1078 3458 1136 3555 Egi

152 3577 369 3678 voluptatem
393 3588 506 3655 citimi
530 3588 675 3657 nimiam
695 3601 733 3654 ¹¹.
759 3583 856 3675 Quid
882 3584 1041 3685 quaerisl
1068 3583 1136 3655 duu

151 3698 256 3774 illum¹
277 3706 397 3807 rideo,
433 3736 543 3809 paene
578 3737 655 3784 sum
690 3711 801 3783 sactus
826 3708 882 3780 ille
902 3726 940 3780 1².
969 3709 1040 3782 Sed
1064 3709 1136 3783 haer

150 3824 326 3933 pluribus,
351 3834 529 3938 multaque
556 3836 622 3909 3113
649 3851 684 3909 et
710 3837 754 3909 de
779 3849 831 3936 te,
856 3850 892 3908 et
909 3836 955 3910 ad
972 3851 1025 3938 te,
1042 3863 1136 3939 quun
