2616 4852
136 301 235 394 '130
499 343 670 397 usrsruca
696 344 814 391 ccxrv.
943 339 975 396 a
994 343 1029 395 v.
1048 344 1078 396 o.
1097 357 1145 402 7⁰2

161 475 258 547 rum,
284 445 488 547 praesertim
514 444 668 519 fidelium
674 501 685 548 7
711 444 943 523 certissimum
969 443 1170 524 subsidium

159 589 213 652 est
244 575 365 646 hiems.
399 574 453 648 Ea
479 573 507 645 si
533 572 684 670 verrerit,
712 597 778 645 uec
805 569 856 647 illi
881 583 964 647 anta
988 571 1028 651 in
1054 598 1170 651 meam

159 700 380 801 provinciam
406 699 624 798 transierint,
649 724 759 776 tanum
785 722 924 796 vereor,
949 722 995 775 ne
1026 683 1193 774 senatus

158 840 307 927 propter
340 824 553 902 urbanarum
590 851 707 902 rarum
744 838 880 898 metum
914 825 1166 924 Pompeium⁶

159 953 249 1031 nolit
275 953 458 1027 dimittere.
485 951 594 1044 Quod
619 951 650 1030 si
675 950 779 1025 alium
798 950 845 1029 ad
863 951 1069 1057 vermittit,
1094 977 1163 1027 nou

34 1090 40 1127 ³
157 1078 301 1159 laboror
340 1078 442 1152 nobis
480 1078 588 1159 ruodo
630 1078 799 1179 temporis
835 1103 880 1156 ue
918 1077 1006 1188 quid
1043 1104 1160 1184 prcrc

159 1219 268 1304 gesur.

209 1360 231 1408 a
257 1333 354 1412 Haec
371 1331 493 1430 igitur,
512 1331 542 1409 si
558 1331 690 1410 Romae
708 1357 755 1404 es.
781 1330 844 1407 Sic
861 1329 963 1429 abas,
980 1328 1159 1408 autetiam

157 1459 188 1531 si
214 1458 314 1557 ades,
339 1457 427 1536 hacc
451 1458 593 1556 negotia
618 1457 669 1530 sic
694 1480 732 1530 sc
756 1456 900 1535 habent.
925 1456 1068 1530 Stemus
1092 1457 1159 1560 aui·

156 1585 243 1684 mis,
267 1598 320 1683 et,
346 1583 428 1685 quia
453 1583 625 1682 consiliis,
641 1597 683 1668 ut
699 1583 873 1682 videmur,
897 1581 1001 1657 bonis
1020 1582 1160 1682 utimur,

157 1737 338 1812 speramus
356 1711 463 1816 etiarn
479 1736 595 1788 manu.
621 1711 717 1787 Tuto
738 1698 962 1790 consedimus
973 1730 1000 1810 t,
1018 1709 1159 1810 copioso

157 1865 178 1911 a
195 1838 388 1936 frumento,
404 1835 563 1912 Ciliciam
580 1839 693 1936 pro'po
715 1836 973 1938 conspiciente,
997 1835 1158 1938 cxpcffltc

156 1966 203 2038 ad
224 1965 433 2045 mutandum
455 1963 551 2064 10003
572 1989 685 2064 parvo
703 1964 857 2043 exercitu
863 1990 874 2063 3
890 1960 969 2063 sed,
984 1975 1027 2040 ut
1043 1986 1160 2065 spero,

156 2086 203 2164 r'ul
218 2089 493 2188 benivolentiam
508 2117 590 2194 erga
605 2116 673 2164 nos
691 2090 949 2171 consentienter
965 2115 1075 2192 quern
1092 2113 1160 2186 uos,

155 2199 313 2305 Deiotari
337 2215 492 2296 adventu
518 2243 599 2294 cum
624 2217 696 2292 suis
716 2214 881 2312 omnibus
899 2212 1160 2317 copiis‚.dupli·'

156 2345 267 2420 caturi
299 2369 445 2422 cramus.
478 2343 589 2418 Sociis
623 2342 736 2423 multo
769 2340 985 2420 fidelioribus
1016 2331 1160 2439 utirr'rur,

155 2496 263 2579 quam
288 2470 471 2578 quisquam
491 2497 575 2550 usus
592 2485 699 2554 esset:
725 2469 852 2572 quibus
877 2467 1097 2557 incredibilis
1114 2468 1160 2542 vi·

155 2596 259 2676 detur
284 2611 320 2677 et
345 2611 465 2672 nostra
490 2596 727 2677 mansuetudo
754 2611 793 2676 et
816 2595 1038 2676 abstinentia.
1065 2593 1162 2668 Dete,

154 2737 232 2803 ctus
257 2723 433 2802 haheturt
454 2725 585 2805 civium
610 2725 868 2823 Romanorum
885 2723 1103 2810 frumentum
1122 2744 1160 2801 es

153 2850 245 2950 agris,
269 2851 307 2929 in
331 2849 410 2930 loca
436 2865 513 2929 tuta
539 2863 791 2953 comportatur,
818 2851 854 2922 Si
879 2849 985 2924 uerit
1006 2848 1162 2946 occasio,

151 3003 275 3077 mauu3
306 2978 361 3066 siu
395 2979 528 3078 miuus,
560 2976 647 3058 locis
679 2989 746 3052 uos
773 2976 1011 3057 defendemus.
1046 2975 1160 3076 Quare

151 3103 250 3187 hono
275 3104 393 3183 auimo
420 3133 466 3179 es.
492 3104 609 3183 Video
636 3105 732 3182 euim
756 3086 810 3206 te,
836 3096 890 3203 et,
919 3101 1020 3205 quasi
1046 3127 1162 3177 coram

153 3229 264 3329 adsiS,
288 3231 337 3310 ita
361 3258 467 3309 corno
485 3238 682 3326 συμπάθειαν
700 3233 830 3312 amoris
850 3231 910 3311 tuiss
937 3208 1009 3301 Sed
1026 3242 1063 3301 te
1080 3252 1161 3327 rogo

151 3357 200 3444 (si
222 3356 305 3436 -ullo
330 3373 437 3459 pacto
463 3360 537 3438 fleri
564 3360 734 3461 poterit),
750 3359 785 3436 si
811 3359 947 3456 integra
973 3356 1011 3431 iu
1038 3367 1160 3431 senatu

151 3487 272 3556 nostra
299 3512 403 3564 causa
430 3486 477 3559 ad
501 3485 580 3567 Kal.
607 3488 681 3566 Ian,
700 3485 884 3583 manserit,
909 3496 949 3556 ut
965 3482 1101 3560 Romae
1118 3480 1161 3552 sis

152 3635 271 3690 mense
297 3613 467 3693 Ianuario.
494 3613 659 3694 Profecto
677 3611 763 3692 nihil
789 3610 961 3710 accipiam
978 3591 1164 3704 iniufiaea

153 3736 180 3807 si
207 3751 245 3807 tu
271 3737 394 3818 aderis.
427 3740 569 3824 Amicos
600 3738 761 3815 consules
787 3735 976 3833 habemus,
1000 3748 1155 3807 nostrum

154 3861 333 3944 tribuuum
366 3863 479 3974 plebis
512 3867 691 3948 Furnium.
723 3866 855 3945 Verum
874 3877 948 3944 tua
983 3875 1038 3940 est
1070 3882 1152 3968 opus
