2616 4852
528 321 565 369 stt
589 320 776 371 srtsrotts

190 423 238 484 los
256 439 352 482 aanor
364 453 404 468 ·-
416 419 598 501 singulorum
616 425 784 483 annorum?
804 422 875 486 Mox
894 443 1067 510 quatemus,
1079 432 1109 493 h.
1123 457 1149 496 e,
1195 395 1198 404 Ι

190 539 326 612 quatuor
344 537 444 610 partes
464 529 496 588 in
515 539 636 589 centum
650 531 682 589 in
695 530 828 611 singulos
841 553 971 609 menscs3
984 538 1067 618 quod
1081 552 1151 602 octo

190 647 223 697 et
243 633 444 717 quadraginta
456 635 486 695 in
501 656 614 695 annum
629 635 751 697 faciunt.
772 637 864 700 Vides
877 659 985 702 usuras
996 664 1060 705 csse
1073 667 1150 728 qua-

188 741 389 824 druplicatus,
403 761 440 801 ac
452 740 581 823 proinde
597 741 816 817 intolerabiles,
835 756 865 806 et
884 746 1010 821 Brutus,
1023 750 1151 824 Brutus,

190 852 330 932 inquam,
351 848 467 910 malac
487 848 610 909 deliciae
631 851 759 922 civium,
778 871 829 911 eas
849 857 946 933 gratia
965 876 1019 915 sua
1039 857 1149 919 ducen-

187 956 243 1018 das
263 954 405 1039 putabat!
430 953 641 1016 Exclamemus
668 967 791 1038 oportet
815 978 885 1019 cum
912 961 1076 1036 Cicerone,
1095 965 1148 1026 sed

186 1065 247 1126 alia
268 1066 299 1123 in
319 1083 367 1135 re,
387 1083 407 1124 o
427 1073 581 1144 tempora,
600 1081 620 1123 o
640 1062 757 1127 mores!

145 1170 188 1249 44
208 1170 321 1252 Nempe
342 1167 482 1250 Scaptius
508 1179 539 1230 et
565 1167 707 1229 Matinius
732 1171 968 1252 impetraverant
992 1172 1148 1236 decretum

184 1287 325 1347 senatus,
345 1296 408 1359 quo
429 1275 479 1336 illa
508 1274 683 1358 syngrapha
712 1273 907 1352 firmaretur,
924 1297 964 1340 ne
986 1282 1147 1362 magistra·

183 1393 234 1444 tus
266 1382 460 1465 provincialis
486 1401 552 1443 eam
580 1401 615 1442 ex
641 1381 740 1443 edicto
768 1403 824 1443 suo
851 1386 967 1445 irritam
998 1386 1146 1448 redderet.

176 1488 301 1550 >Emesa
320 1488 407 1549 Libri
426 1490 520 1550 nostri
541 1490 644 1571 scripti
659 1498 690 1549 et
703 1490 840 1573 impressi
855 1503 884 1550 et
897 1492 942 1551 ius
955 1513 997 1554 ex
1017 1494 1071 1554 illu
1090 1504 1147 1555 etc.

141 1596 184 1675 45
204 1595 262 1657 Est
281 1596 339 1656 Ro.
368 1607 398 1655 et
416 1607 480 1655 erat
498 1595 594 1666 enim,
620 1613 656 1653 ex
685 1613 747 1676 quo
775 1595 868 1678 aliqui
896 1596 1058 1660 ediderunt
1082 1611 1147 1660 erat

181 1705 268 1764 caim.
300 1738 304 1761 ,ν

139 1809 182 1888 46
203 1810 272 1872 Hoc
290 1818 348 1881 est,
369 1809 527 1890 pecuniam
549 1816 688 1868 mutuam
702 1828 821 1869 sumere
841 1808 880 1870 ad
899 1808 1038 1871 debitum
1047 1831 1142 1873 suum

179 1915 378 1989 solvendum3
398 1914 437 1974 ad
457 1935 504 1996 ep.
526 1913 724 1986 CLXXXIV,
745 1933 773 1974 α.
1020 1944 1069 1976 nr.

139 2024 178 2104 47
200 2024 249 2084 An
268 2023 408 2082 universe
428 2020 474 2082 lex
495 2018 619 2080 vetabat
639 2020 877 2103 provincialibus
897 2023 1056 2103 pecuniam
1083 2021 1144 2084 Ro·
1175 2009 1184 2023 ⁹

177 2149 248 2191 mae
271 2139 410 2190 mutuam
439 2127 577 2188 sumeret
602 2127 819 2209 Nequaquam,
846 2128 944 2208 inquit
968 2127 1142 2201 Ernestius;

178 2256 252 2297 nam
277 2234 308 2295 id
332 2233 498 2294 absurdum
525 2243 589 2306 cst,
609 2232 661 2295 sed
690 2233 736 2295 lex
756 2254 811 2306 ea,
832 2253 927 2315 quum
948 2232 1039 2294 vellet
1059 2237 1142 2295 coiir·

177 2363 248 2404 cere
274 2341 477 2403 feneratorum
505 2342 664 2402 avaritiam
694 2343 725 2401 in
751 2343 867 2412 usuris,
888 2342 1000 2412 sanxit,
1021 2361 1056 2400 ue
1076 2360 1142 2401 ma-

174 2450 314 2531 gistratus
337 2469 380 2511 ex
403 2448 579 2529 syngraphis
605 2449 700 2529 (quas
729 2447 913 2509 feneratores
940 2446 979 2507 ab
1005 2448 1063 2519 iis,
1089 2448 1142 2528 qui

174 2566 319 2616 mutuum
339 2559 537 2638 accepissent,
556 2555 762 2634 extorsissent)
776 2555 822 2615 ius
834 2552 979 2625 dicerent,
998 2552 1028 2613 h.
1050 2573 1076 2613 e.
1097 2573 1142 2621 se·

165 2661 311 2724 >cundum
332 2662 415 2745 quod
435 2664 467 2724 in
487 2659 665 2744 syngrapha
685 2662 830 2742 scriptum
858 2670 936 2732 erat,
961 2658 1143 2733 iudicarent3
1200 2661 1205 2671 “

174 2767 230 2830 sed
249 2787 285 2830 ex
304 2767 402 2830 edicto
422 2769 548 2851 proprio
568 2769 732 2849 praetoris,
752 2769 785 2826 in
805 2786 868 2848 quo
895 2763 1003 2825 modus
1029 2785 1139 2824 usura-

172 2895 246 2936 rum
265 2885 454 2936 statueretur.
481 2873 548 2935 Hoc
567 2874 671 2956 paullo
696 2884 767 2956 post
786 2873 896 2935 diserte
916 2872 990 2933 dicit
1011 2869 1142 2940 Cicero,

173 2991 208 3042 et
228 2991 311 3063 patet
330 3001 366 3042 ex
384 3002 436 3053 eo,
457 2979 540 3062 quod
560 2980 682 3063 Scaptio
703 2991 734 3042 et
752 2980 880 3041 Matinio
900 2998 1021 3040 necesse
1042 2978 1100 3039 fuit
1120 2998 1139 3037 a
1187 3030 1190 3035 .

171 3097 282 3148 senatu
306 3085 442 3148 obtinere
466 3087 621 3148 decretum
651 3085 823 3169 peculiare,
844 3105 938 3166 quum
969 3086 1015 3145 ius
1041 3083 1141 3144 dicia

171 3192 401 3274 magistratibus
421 3213 456 3254 ex
477 3215 531 3255 sua
552 3192 727 3276 syngrapha
742 3194 862 3255 vellent.
885 3192 965 3252 Hinc
979 3211 1013 3252 re
1027 3190 1140 3251 recenti

170 3318 266 3360 nemo
290 3299 526 3382 provincialibus
552 3302 695 3382 pecunias
720 3299 843 3362 credere
870 3296 1059 3373 volebatpet
1079 3295 1139 3359 hoc
1219 3319 1220 3322 ¹

172 3405 323 3488 estquod
346 3406 545 3489 supradicit,
573 3406 728 3468 Salonsr'rsii
753 3427 844 3489 qrsum
871 3423 1019 3489 veratrum
1034 3400 1140 3484 facere

165 3511 293 3585 vellent,
306 3533 365 3574 nou
376 3525 521 3595 poteraut.
542 3515 664 3597 ltaque,
677 3524 747 3597 post
761 3513 951 3581 Ernestium,
967 3508 1142 3577 Schiitzius,

171 3615 439 3701 Schiicnbergerus
453 3630 483 3681 et
496 3623 559 3703 ipsc
573 3618 964 3702 religiosissimuerlericus
977 3618 1008 3677 iu
1023 3623 1138 3677 textum
1152 3599 1162 3616 ⁰

170 3722 225 3783 illa
250 3722 344 3786 verba
370 3738 580 3788 assumserunt
602 3728 886 3810 rescripseruntque
905 3723 941 3785 L.
965 3720 1003 3781 G.
1024 3717 1142 3778 vetabat

171 3851 189 3888 e
210 3833 379 3914 syngrapha
405 3834 450 3893 ius
477 3832 594 3906 dicere,-
622 3846 652 3897 et
680 3845 810 3896 assumta
845 3833 930 3913 uncis
955 3826 1140 3905 incluserunt
