2616 4852
527 342 563 389 ru
589 342 779 392 errsroms
1086 327 1155 428 39¹

150 466 188 528 19
208 443 289 504 Phil.
310 441 366 514 lV,
378 441 411 502 6:
435 442 593 516 Senatum,
613 442 688 505 idest
707 446 785 505 orhi's
806 457 900 507 terrae
919 449 1088 525 consitium,
1110 452 1164 514 de·

189 552 251 612 lere
269 549 361 630 gestit
382 547 415 608 Si
435 548 501 609 fieri
522 551 685 632 potuisset,
699 561 733 612 ut
751 551 858 613 eodem
879 554 987 617 ordine
1000 556 1095 618 verba
1109 558 1161 621 hic

188 658 337 741 disposita
356 667 469 729 essent,
487 655 681 740 'probaremz
712 656 795 720 nunc
821 658 896 720 idem
914 663 945 723 in
964 676 1070 724 senatu
1090 687 1162 728 cum

187 766 333 828 Ernestio
364 767 449 827 uncis
478 765 603 841 inclusi3
634 787 670 826 ea
697 765 875 841 Schtitzius,
900 780 936 831 ut
966 773 1159 834 manifestum

172 874 361 956 glossema,
381 872 501 934 delevit.
522 872 583 934 zet.
604 873 631 960 ΒΙ
649 894 712 933 nou
732 876 869 956 agnoscit
889 875 972 938 idest.

148 1001 190 1043 20
211 983 284 1042 Duo
304 980 425 1042 videtur
445 982 562 1064 Appius
583 978 729 1042 obiecisse
749 982 907 1044 Ciceroni:
938 986 1073 1066 primum
1099 987 1163 1048 edi-

189 1090 289 1161 xisse,
313 1109 353 1149 ne
379 1089 447 1170 quis
475 1089 591 1149 iniussu
611 1106 672 1149 suo·
688 1109 706 1149 e
725 1092 885 1170 provincia
909 1089 1094 1153 discederet:
1116 1115 1163 1155 se-

190 1196 326 1256 cundum
358 1207 441 1256 trans
461 1195 600 1256 Taurum
631 1195 762 1268 abiisse,
793 1218 856 1278 quo
888 1200 1046 1259 civitatum
1071 1199 1160 1281 iegati

189 1324 262 1364 eum
283 1307 424 1385 perserpii
445 1323 506 1364 non
527 1314 665 1386 possent,
679 1314 714 1364 ut
734 1303 906 1365 facultatem
921 1305 1013 1366 eundi
1029 1306 1160 1367 Romam

188 1421 337 1493 peterent.
368 1411 448 1489 Quo
472 1411 552 1471 facto
581 1410 765 1472 videbantur
792 1410 932 1488 excludi,
959 1412 1051 1487 idest,
1077 1417 1160 1474 omni

189 1518 283 1578 eundi
304 1519 434 1578 Romam
455 1527 603 1600 potestate
623 1520 748 1602 privari.
771 1519 839 1581 Hoc
859 1519 1002 1581 ultimum
1023 1520 1161 1583 confutat

190 1625 309 1686 Cicero.
333 1625 517 1708 Qrmrteriur.

147 1752 184 1793 21
210 1733 389 1806 Manutius,
408 1731 517 1793 Lumh.
537 1731 704 1794 ridendum.

148 1861 188 1900 22
211 1839 305 1902 Abest
321 1860 426 1901 earum
445 1860 464 1900 a
484 1860 539 1900 ms.
561 1840 634 1903 Rec.
655 1842 695 1901 At
716 1838 777 1901 Zel.
798 1839 822 1901 B
843 1841 972 1903 illarum.

148 1949 188 2008 23
211 1948 272 2008 Nisi
293 1957 363 2031 post
381 1945 546 2010 discessum
578 1968 681 2008 meum
712 1947 852 2009 decretae
878 1959 948 2010 sunt
974 1948 1162 2031 legationem

189 2055 275 2138 quod
294 2074 420 2139 prorsus
439 2065 485 2116 est
505 2054 623 2115 falsum.
647 2053 770 2116 Corrad.
785 2056 820 2115 ln
835 2075 898 2138 seq·
911 2055 1052 2116 membro
1072 2058 1162 2119 multi

188 2162 261 2224 libri
282 2185 373 2246 qutun
393 2160 545 2243 Synnade.

146 2271 188 2348 24
209 2271 490 2352 Martyni·Laguna
509 2269 651 2343 maxime,
663 2280 693 2330 et
706 2272 748 2330 ita
759 2279 807 2329 est
820 2268 852 2328 in
866 2270 1005 2351 margine
1019 2271 1106 2333 Amb.
1126 2272 1162 2349 14

187 2376 229 2438 ab
249 2376 354 2438 eedem
375 2396 484 2450 manu,
498 2387 529 2438 et
542 2379 672 2438 correxit
692 2377 730 2438 de
751 2376 921 2437 Franciscis
942 2380 973 2437 in
992 2398 1049 2437 suo
1063 2399 1161 2439 exem-

187 2485 277 2568 plari.
298 2484 415 2547 Vitiosa
434 2505 505 2546 mss.
525 2485 597 2546 Rec.
618 2484 680 2546 zet.
700 2483 739 2557 B,
759 2493 791 2545 et
811 2483 857 2544 ed.
878 2484 934 2544 Ro.
956 2506 1061 2545 maue-
1076 2487 1161 2547 Ven-

185 2591 343 2665 ditionem,
363 2591 393 2652 h.
413 2612 440 2654 e.
461 2592 663 2673 locationem.x
685 2593 798 2671 Quum,
819 2592 900 2651 enim
925 2592 1002 2671 exigi
1025 2591 1164 2652 celeriter

185 2698 304 2761 tributa
324 2719 386 2761 non
405 2710 549 2782 possunt,
562 2701 661 2782 inquit
678 2699 848 2770 Manutius,
859 2696 1034 2758 venduntur
1049 2698 1163 2769 'alieui‚

187 2810 242 2889 qui
259 2809 364 2890 quanti
378 2809 466 2880 emit,
479 2816 597 2869 tantum
619 2809 719 2867 stetim
741 2806 779 2867 de
800 2826 856 2866 suo
875 2815 1035 2876 numerat,
1052 2803 1162 2865 deinde

186 2917 283 2997 exigit
302 2913 510 2987 acerbissime,
535 2925 659 2998 accepta
679 2913 805 2996 eogendi
827 2922 983 2996 potestate.
1010 2910 1071 2972 Sed
1092 2930 1162 2971 mo-

187 3021 248 3082 dus
268 3021 435 3104 loquendi,
465 3024 508 3083 ait
527 3021 702 3094 Ernestiue,
731 3020 862 3081 insolens
883 3029 944 3080 est:
969 3031 1083 3080 sumtus
1103 3040 1163 3081 non

186 3131 346 3190 necessarii
364 3128 545 3190 inducuntur
562 3130 593 3190 in
613 3127 805 3190 venditionem
826 3127 1002 3188 tributorum
1020 3136 1097 3202 etc.;
1118 3125 1162 3187 id-

187 3246 249 3309 est,
266 3256 306 3296 ne
322 3247 450 3320 propter
470 3247 588 3311 summe
609 3238 734 3297 minime
754 3236 937 3296 necessarios
958 3233 1161 3314 legationum,

186 3353 370 3426 cogerentur
390 3346 524 3405 civitates
544 3344 675 3406 vendere
695 3342 824 3416 tributa,
837 3364 936 3425 eaque
955 3340 1079 3403 vendita
1100 3341 1162 3401 exi·

123 3494 126 3503 ι
186 3461 334 3533 gerentur
353 3472 410 3534 per
430 3454 530 3535 cupita
551 3462 582 3513 et
602 3454 687 3513 ostie.
707 3451 757 3520 Ed
776 3450 858 3512 Med.
875 3463 908 3511 et
927 3451 958 3510 itt
977 3449 1063 3509 illam
1081 3468 1110 3508 a.

146 3556 187 3620 25
209 3558 279 3619 Hoc
299 3557 450 3631 adiunxit,
470 3579 509 3618 ne
529 3558 662 3642 perditas
683 3557 722 3620 ab
741 3560 843 3642 Appio
863 3559 999 3618 civitates
1020 3552 1161 3616 videatur

186 3665 298 3728 dicere.
319 3664 458 3726 Perditas
478 3675 580 3727 tamen
601 3686 657 3748 per
677 3665 811 3749 Appium
833 3669 983 3736 maxime,
1011 3660 1161 3744 significet

187 3775 220 3833 in
241 3772 378 3855 epistolis
392 3772 430 3834 ad
445 3774 707 3855 Atticum,tatque
726 3771 802 3836 haec
823 3776 889 3859 ipsa
909 3771 1025 3834 tributa
1045 3785 1162 3829 memo-

190 3890 240 3941 rat
259 3900 308 3964 ep.
330 3879 476 3954 CCVIII,
501 3900 524 3941 r.
546 3880 664 3942 Mansit.
