2616 4852
171 353 242 425 280
502 370 673 422 srisrom
699 372 834 422 ccxniv.
945 372 976 419 a.
995 375 1029 422 v.
1048 375 1075 421 c.
1093 373 1137 435 ,ιι

169 478 358 578 pietatem,
395 488 455 548 aut
490 475 740 547 Lentulitatem
760 491 790 525 ²¹
826 471 944 547 valere
978 475 1076 574 apud
1107 502 1153 548 me

166 604 269 705 plus,
294 629 400 705 quam
424 614 630 675 ornamenta
654 602 795 675 virtutis
821 601 1020 674 existimas?
1051 604 1153 695 Quum

166 756 208 804 ea
233 744 441 804 consecutus
466 728 626 801 nondum
651 753 762 827 eram,
778 754 868 829 quae
885 742 969 801 sunt
984 729 1153 803 hominum

165 855 390 959 opinionibus
415 854 645 955 amplissima:
663 869 781 928 tamen
798 857 865 927 ista
881 869 1000 929 vestra
1025 858 1153 929 uomina

165 1010 357 1085 numquam
390 1008 467 1056 sum
501 980 716 1082 admiratus,
751 982 846 1055 viros
880 1007 942 1055 eos
960 999 1003 1082 ²²,
1033 985 1091 1084 qui
1125 1010 1153 1056 ea

165 1111 269 1190 vobis
293 1110 529 1212 reliquissent,
553 1132 701 1208 magnos
727 1107 931 1181 arbitrabar.
957 1111 1086 1182 Postea
1110 1136 1153 1183 ve

163 1264 226 1339 r0,
251 1264 358 1340 quam
389 1237 439 1309 ita
470 1249 507 1307 et
537 1236 616 1336 cepi
645 1248 681 1307 et
707 1235 796 1333 gessi
822 1236 974 1309 maxima
1000 1237 1141 1336 imperia

164 1381 205 1441 ut
227 1364 316 1439 mibi
340 1361 428 1437 nibil
451 1388 566 1463 neque
592 1360 639 1434 ad
663 1359 853 1461 honorem,
879 1388 997 1463 neque
1023 1362 1070 1435 ad
1093 1363 1153 1461 glo·

162 1493 252 1565 riam
269 1486 599 1590 [acquirendum]²³
618 1485 739 1560 deesse
755 1502 933 1587 putarem:
951 1490 1153 1588 superioreu

163 1617 305 1719 quidem
337 1640 553 1716 numquam,
583 1614 647 1686 sed
671 1639 795 1713 parem
818 1614 920 1688 vobis
946 1641 1006 1689 me
1031 1642 1153 1715 spemn

162 1770 238 1817 esse
254 1741 397 1817 factum.
418 1741 511 1839 Nec,
527 1739 745 1839 mehercule,
762 1738 862 1814 aliter
878 1741 953 1815 vidi
970 1743 1153 1815 existimare

160 1871 219 1946 vel
244 1871 308 1944 Cn.
332 1869 560 1968 Pompeium,
586 1893 691 1968 quem
716 1866 895 1969 omnibus,
921 1870 983 1969 qui
999 1896 1153 1971 umquam

160 1997 319 2095 fuemnt,
342 1993 401 2069 vel
424 1996 464 2067 P.
490 1993 680 2067 Lentulum
697 1992 747 2094 ²4,
772 2021 879 2098 quem
900 1994 988 2066 mibi
1016 1978 1082 2096 ipsi
1103 2021 1150 2068 au·

160 2138 304 2223 tepono.
329 2123 385 2194 Tu
411 2122 441 2194 si
474 2120 574 2194 aliter
606 2120 800 2221 existimas,
836 2121 924 2195 nibil
956 2121 1104 2221 errabis,
1124 2122 1145 2195 si

159 2246 279 2348 paullo
314 2246 513 2346 diligentius
539 2256 604 2337 (ut
636 2246 722 2348 quid
752 2250 799 2321 sit
831 2252 982 2344 εὐγένεια,
1009 2248 1091 2351 quid
1110 2248 1143 2319 sit

70 2444 76 2461 ‚
158 2372 326 2446 nobilitas
359 2372 531 2471 intelligas
549 2376 600 2464 ²⁵)
626 2374 893 2473 Athenodorus,
919 2374 1091 2449 Sandonis
1112 2375 1141 2446 fi·

157 2499 241 2600 bus,
266 2497 353 2601 quid
378 2498 422 2570 de
446 2498 502 2571 his
526 2499 630 2572 rebus
657 2499 768 2599 dicat,
790 2500 991 2574 attenderis.
1011 2501 1093 2599 Sed,
1112 2510 1140 2569 ut

158 2624 303 2700 adrem
328 2623 487 2724 redeam,
511 2651 568 2697 me
595 2625 658 2698 tibi
685 2652 757 2699 non
783 2629 935 2699 amicum
959 2627 1085 2725 modo,
1102 2648 1138 2697 re

155 2775 235 2825 rum
259 2752 367 2825 etiam
392 2752 641 2825 amicissimum
667 2753 841 2825 existimes
863 2753 980 2827 velim.
998 2753 1138 2827 Profecto

156 2877 320 2951 omnibus
352 2877 440 2950 meis
472 2878 596 2951 officiis
630 2877 801 2978 efficiam,
832 2893 872 2952 ut
903 2880 953 2952 ita
980 2900 1137 2954 asserere

156 3004 270 3101 possis
305 3002 469 3076 iudicare.
503 3005 560 3076 Tu
593 3018 710 3078 autem
743 3005 774 3077 si
802 3005 841 3079 id
866 3006 956 3105 agis,
982 3022 1023 3079 ut
1047 3006 1137 3079 minus

154 3153 233 3199 mea
251 3153 374 3228 causa,
391 3128 477 3201 dum
494 3156 559 3228 ego
577 3130 706 3232 absim,
724 3131 851 3205 debere
869 3132 1039 3232 videaris,
1055 3150 1136 3234 quam

89 3326 92 3331 .
155 3279 220 3353 ego
245 3268 306 3328 tua
330 3254 519 3332 laborarim
536 3261 585 3331 ²⁶:
610 3257 721 3335 libero
747 3274 782 3331 te
807 3261 875 3332 ista
900 3286 1003 3361 cura,

604 3443 667 3535 παρ’
693 3443 765 3532 ἐμοί
785 3469 818 3534 γε
842 3441 892 3509 καί
922 3444 1026 3532 ἄλλοι,

236 3561 283 3627 Οἵ
304 3566 340 3630 κε’
364 3563 401 3654 με
425 3572 602 3659 τιμήσουσι,
628 3568 760 3662 μαλιστα
785 3567 819 3636 δὲ
846 3571 970 3658 μητίετα
996 3572 1082 3644 Ζεύς.

152 3750 188 3824 Si
214 3767 332 3828 autem
351 3772 481 3833 natura
506 3786 543 3832 es
570 3766 736 3857 φιλαίτιος,
767 3760 855 3834 illud
880 3788 953 3836 non
980 3761 1148 3862 perficies

60 3887 63 3892 ¹
151 3904 223 3978 quo
248 3881 363 3958 minus
388 3898 448 3959 tua
475 3912 579 3961 causa
605 3887 718 3963 velim.
754 3889 833 3963 Hoc
864 3915 1069 4005 asseqqere,
1091 3889 1153 3955 ut
