2616 4852
162 358 234 434 260
515 377 687 426 reserata
714 378 837 424 ccxc..
944 371 974 420 Λ.
994 374 1022 419 c.
1041 372 1076 421 v.
1094 369 1140 434 ,ω

162 484 267 585 cupio
293 482 457 583 equidem
483 494 519 553 te
543 482 659 552 minus
684 478 814 551 habere
838 476 986 574 negotii:
1007 473 1072 548 sed
1096 500 1140 546 nu

158 608 245 683 leste
265 609 361 707 fero,
384 635 441 680 me
457 600 646 680 ¹consulem
671 604 826 678 studium
842 598 1140 675 tuum'adolesceu

159 737 204 808 tis
228 735 468 835 perspexisse,
492 746 527 806 te
553 758 670 805 meum
683 787 694 830 ,
726 757 835 833 quum
859 729 898 802 id
923 728 1060 821 aetatis
1076 726 1140 819 sim

159 861 359 962 perspicere
385 885 459 934 non
484 883 597 959 posse.
623 857 694 930 Sed
717 859 784 957 ita,
816 856 890 931 fato
918 838 1140 955 nescioquo

159 987 345 1103 contigisse
371 985 537 1099 arbitror,
553 999 594 1061 ut
612 984 675 1061 tibi
696 981 742 1058 ad
766 1008 823 1058 me
848 978 1051 1059 omandum
1077 1006 1140 1053 sen

156 1139 221 1213 per
246 1113 349 1207 detur
372 1112 541 1211 facultas3
568 1111 655 1183 mihi
680 1110 727 1185 ad
751 1106 1051 1184 remunerandum
1075 1106 1140 1183 niu

156 1253 339 1341 suppetat,
372 1253 511 1338 practer
535 1237 763 1312 voluntatem.
793 1238 938 1310 Ornasti
955 1251 976 1297 ²-
997 1232 1139 1308 consula

155 1378 249 1464 tum,
273 1365 405 1439 ornasti
430 1363 582 1438 reditum
608 1390 734 1436 meum.
768 1360 897 1435 Incidit
925 1387 1047 1434 meum
1072 1373 1140 1433 tem·

153 1515 223 1590 pus
258 1515 374 1562 rerum
411 1489 672 1588 gerendarum³
706 1491 743 1561 in
781 1489 900 1588 ipsum
937 1485 1140 1560 consulatum

155 1622 265 1715 tuum.
289 1618 414 1720 Itaque
439 1642 548 1718 quum
573 1631 609 1689 et
635 1628 694 1688 tna
721 1614 858 1691 summa
883 1612 1098 1715 amplitudo,
1116 1625 1140 1685 ct

156 1722 323 1842 dignitato,
339 1756 384 1843 ,et
409 1767 507 1817 meus
532 1744 687 1842 magnus
704 1741 836 1841 henoc,
866 1738 1064 1842 magnaque
1087 1738 1140 1813 exi·

155 1862 311 1942 stiruatio
335 1868 515 1970 postulare
540 1868 716 1968 videatur,
733 1850 779 1941 ut'
796 1894 819 1967 a
839 1881 875 1943 te
900 1866 1060 1967 plurimis
1084 1890 1140 1937 ver·

154 1993 210 2067 his
236 1974 449 2068 contendam
475 2022 516 2068 ac
541 2008 675 2095 petam,
692 2008 733 2067 ut
750 2020 857 2097 quam
881 1992 1140 2067 honorificentie

156 2120 316 2192 simumt
341 2134 482 2192 senatus
516 2121 716 2195 consultum
741 2120 786 2193 de
811 2121 898 2194 meis
924 2118 1029 2193 rebus
1054 2118 1140 2219 gestit

155 2245 354 2318 faciendum
392 2273 511 2344 cures,
544 2273 618 2322 non
656 2247 769 2322 audeo
805 2246 1034 2322 vehementer
1070 2258 1140 2318 att

157 2372 386 2472 contendere,
411 2399 455 2445 ne
482 2388 542 2447 aut
567 2376 669 2474 ipsc⁵
691 2389 773 2469 tuae
797 2386 991 2474 perpetuae
1016 2397 1140 2447 consue

156 2497 391 2598 tudinis'crga
417 2526 473 2572 me
500 2501 630 2573 oblitus
657 2488 734 2574 es‘se
757 2500 896 2598 videar,
922 2514 983 2572 aut
1009 2514 1045 2571 tc
1070 2496 1140 2573 obli·

157 2636 233 2696 tum
257 2639 389 2724 putem.
415 2628 556 2725 Quare,
588 2641 629 2699 ut
654 2627 804 2699 terelle
830 2626 1002 2724 arbitror,
1036 2627 1084 2716 ita
1106 2624 1140 2696 sa

158 2751 272 2849 ciam,
305 2766 409 2852 atque
441 2753 484 2825 ab
518 2779 582 2851 ec,
616 2748 721 2854 quein
736 2780 871 2826 omnes
898 2766 1019 2851 gentes
1044 2752 1140 2824 scinu*

158 2876 202 2948 de
234 2902 290 2949 rue
323 2880 458 2979 optime
490 2881 677 2977 meritum,
707 2879 860 2953 breviter
884 2894 1016 2978 petam.
1041 2879 1078 2953 si
1101 2875 1140 2950 ali

158 3001 318 3074 consules
344 3019 480 3105 essent,
512 3007 559 3079 ad
584 3020 620 3079 te
644 2997 889 3105 potissimuni,
913 3003 1055 3105 Panlle,
1078 3004 1140 3077 mit

157 3140 290 3226 terem,
322 3143 361 3201 ut
393 3158 453 3204 eos
486 3133 573 3204 mihi
599 3161 702 3234 quarn
731 3133 960 3205 amicissimos
984 3130 1140 3204 redderes

157 3253 276 3351 Nunc,
301 3280 408 3356 quum
432 3271 494 3330 tna
519 3285 654 3330 summa
680 3273 853 3358 potestaS,
869 3285 1078 3359 summaque
1096 3282 1140 3329 -au

157 3379 317 3478 ctoritaa,
342 3395 497 3485 notaque
522 3385 685 3459 omnibus
712 3399 832 3458 nostra
858 3384 1081 3458 necessitudo
1097 3383 1137 3457 ait

156 3503 384 3580 vehementer
408 3521 443 3581 te
469 3536 572 3609 rogo,
605 3525 645 3583 ut
679 3526 714 3584 et
747 3538 852 3615 quarn
878 3509 1140 3585 honorificantis·

156 3629 243 3702 sime
269 3657 367 3706 cures
395 3634 654 3711 decernendum
681 3637 724 3712 de
750 3628 838 3710 meis
861 3638 964 3711 rebus
985 3637 1104 3737 gestis,
1118 3659 1140 3704 e

157 3782 262 3859 quarn
289 3758 474 3837 celerrime.
488 3746 491 3751 ¹
507 3765 639 3865 Dignus
672 3791 726 3840 res
760 3791 835 3838 esse
860 3765 996 3840 honore
1021 3776 1056 3836 et
1079 3785 1140 3860 gra

158 3883 327 3960 tulationc
345 3891 371 3986 ⁶,
403 3870 593 3988 cognosces
626 3918 668 3965 ex
694 3892 736 3965 iis
762 3892 891 3992 literis,
920 3917 1004 3993 quas
1029 3887 1073 3962 ad
1096 3899 1140 3958 te
