2616 4852
168 358 239 428 228
485 371 655 422 nrisrom
684 371 842 420 ccxxxrv.
944 364 976 415 Α.
992 367 1025 415 v.
1044 364 1073 412 c.
1091 375 1134 425 ⁷⁰¹

365 600 418 654 ser.
436 599 464 651 in
480 598 569 653 Cilicia
587 599 618 654 Δ.
630 598 665 650 V.
682 597 712 653 C.
729 597 823 652 DCCII
841 601 961 648 exeunte.

293 789 337 854 Μ.
360 788 397 854 Τ.
422 786 566 854 CICERO
589 787 623 851 P.
647 787 752 853 SILIO
774 786 915 852 PROPR.
939 785 971 850 S.
993 783 1033 848 D.

214 981 292 1051 Et¹
319 979 358 1048 in
388 975 484 1049 Atilii
516 977 658 1075 negotio
691 989 726 1048 te
759 975 881 1048 amavi.
914 974 1037 1066 Quum
1068 973 1156 1046 enim

164 1129 242 1176 sero
267 1082 439 1176 terrissern
454 1119 479 1199 ²,
504 1114 623 1173 tamen
646 1100 834 1174 honestum
859 1100 1012 1201 equitem
1038 1099 1159 1172 Roma·

164 1256 249 1301 num
273 1228 443 1327 berrcficio
469 1241 530 1300 tuo
557 1229 772 1300 conservavi.
788 1229 842 1301 Et
860 1225 1058 1300 mehercule
1075 1252 1158 1299 sem·

163 1356 301 1455 persio
327 1355 364 1426 in
389 1354 507 1425 animo
532 1352 656 1453 habui,
681 1367 716 1426 te
740 1354 778 1425 in
796 1378 876 1425 meo
893 1379 973 1426 aere
989 1378 1067 1426 esse
1082 1377 1157 1452 pro·

162 1493 242 1580 pter
265 1481 406 1552 Lamiae
431 1480 542 1552 nostri
575 1481 860 1552 coniunctionem
892 1493 927 1552 et
951 1477 1156 1578 singularem

163 1604 464 1678 necessitudinem.
497 1607 621 1707 Itaque
653 1607 806 1705 primum
830 1604 895 1678 tihi
919 1588 986 1704 ago
1014 1605 1156 1705 gratias,

163 1731 260 1832 quod
284 1757 342 1803 me
367 1710 646 1805 omnimolestia
671 1731 815 1832 liberas3
832 1729 960 1805 deinde
977 1729 1157 1832 impuden

163 1857 243 1929 tia³
268 1883 480 1958 prosequor:
505 1856 687 1931 sedidem
711 1859 866 1932 sarciam.
883 1858 937 1932 Te
954 1858 1051 1930 enim
1075 1881 1154 1955 sem·

163 2006 228 2082 per
252 1984 302 2056 sic
328 1981 442 2056 colam
467 1994 503 2055 et
524 1982 667 2083 tuebor,
684 1997 725 2056 ut
741 1981 872 2085 queml
890 1981 1153 2081 diligentissime

164 2107 338 2198 Quintum
360 2107 503 2180 fratrem
527 2133 662 2209 meum,
678 2110 707 2183 si
724 2135 781 2182 me
805 2108 936 2208 diligis,
951 2134 996 2181 eo
1012 2131 1152 2181 numero

165 2257 246 2304 cura
272 2245 312 2304 ut
336 2230 483 2331 habeas,
500 2257 570 2334 quo
593 2238 659 2306 me.
685 2235 739 2308 Ita
764 2260 930 2334 magnum
950 2233 1150 2308 beneficium

164 2369 264 2433 tuum
288 2383 416 2455 magno
442 2359 582 2431 cumulo
609 2361 751 2462 auxeris.

560 2614 778 2688 CCXXXV.
910 2655 1128 2717 (sentimum)

165 2789 383 2868 Argumentum.
410 2792 458 2852 Ti.
485 2793 601 2852 Nerone
622 2813 677 2853 suo
697 2790 864 2852 honorifice
882 2803 1027 2864 tractato,
1051 2792 1146 2873 gratias

205 2898 267 2976 agit
287 2897 377 2968 sdic,
398 2918 529 2977 eumque
549 2898 649 2958 denuo
670 2898 827 2979 diligenter
847 2898 1047 2958 commendat.

368 3102 422 3153 Scr.
440 3103 465 3152 in
484 3102 571 3154 Cilicia
588 3104 618 3155 A.
633 3103 665 3155 V.
679 3104 706 3156 C
725 3103 819 3157 DCCII
836 3111 957 3155 exeunte.

291 3299 333 3364 ll.
359 3300 395 3363 T.
421 3301 564 3368 CICERO
587 3303 622 3385 P.
647 3302 751 3368 SILIO
776 3301 915 3366 PROPR.
940 3302 970 3365 S.
994 3301 1033 3364 D.

216 3485 310 3560 Nero
335 3513 432 3563 meus
448 3506 458 3540 ¹
477 3493 639 3565 mirificas
664 3491 760 3590 apud
776 3516 832 3563 me
849 3490 914 3563 tibi
931 3492 1058 3589 gratias
1074 3490 1145 3590 egit,

167 3636 309 3709 prorsus
334 3615 571 3717 incredibiles,
594 3631 635 3690 ut
659 3616 793 3691 nullum
818 3617 989 3690 honorem
1014 3616 1143 3690 sibila·

167 3735 243 3809 beri
267 3741 422 3838 potuisse
448 3743 595 3843 diceret,
628 3746 687 3845 qui
712 3771 732 3818 a
758 3746 800 3817 te
818 3745 1080 3845 praetermissus
1100 3765 1141 3811 es·

169 3879 230 3937 set.
264 3867 431 3966 Magnum
466 3871 617 3944 fructum
652 3897 693 3944 ex
725 3873 803 3971 ipso
837 3871 963 3972 capies.
993 3851 1085 3944 Nihil
1104 3873 1143 3936 esi
