2616 4852
160 342 206 441 74
542 363 713 409 srrsrurs
740 364 786 408 cc.
938 362 968 408 Α.
988 361 1021 412 u.
1042 370 1069 408 c.
1092 318 1139 423 7οέ

156 470 251 542 ficies
272 465 307 537 ¹l.
341 468 549 564 Praeterea,
574 467 602 537 si
629 465 715 567 quid
739 463 927 564 Philippus
958 464 1100 563 rogabit
1118 470 1163 563 ¹⁵,

157 594 254 697 quod
279 595 316 667 in
349 607 407 666 tua
440 580 484 665 re¹
511 588 659 692 faceres,
695 591 733 664 id
767 591 871 664 velim
906 591 1019 664 lacius.
1054 592 1159 665 Plura

132 720 307 795 sensam
324 719 370 793 od
388 735 439 821 te7
456 746 563 822 quum
590 720 797 793 constitero:
817 732 913 792 nunc
935 744 1030 791 eram
1057 719 1162 819 plane

155 850 191 921 in
217 847 458 921 mediomari.
1159 850 1163 859 '

618 1100 704 1175 CCI.
733 1124 735 1129 '
925 1136 1142 1201 (sasinus)

155 1280 376 1359 Argumentum.
402 1302 411 1339 ι
437 1279 549 1340 Scribit
570 1273 642 1350 sibi,
668 1293 764 1360 quum
794 1278 920 1337 Samum
946 1287 978 1339 et
1003 1277 1163 1362 Ephesum·

194 1390 338 1460 venisset,
351 1388 461 1448 multas
474 1388 639 1469 legationes
659 1407 862 1468 magnamque
879 1388 1070 1469 privaturum
1085 1387 1162 1446 mul*

195 1494 354 1554 titudinem
383 1507 504 1576 praesto
532 1495 643 1569 fuisse3
675 1515 693 1553 2
720 1496 809 1553 Attici
838 1496 957 1574 negotia
986 1491 1043 1552 sibi
1071 1512 1164 1552 curae

194 1601 300 1677 fnisse3
321 1605 339 1664 3
359 1601 490 1683 denique
511 1605 620 1662 iterum
644 1610 746 1681 rogat,
766 1610 801 1660 ut
821 1599 949 1670 efficiat,
963 1621 1000 1659 ne
1019 1599 1076 1658 sibi
1093 1621 1164 1680 pro-

195 1710 311 1768 vinciae
330 1709 551 1770 administratio
572 1719 771 1792 prorogetur,
785 1718 816 1768 et
828 1718 863 1767 ut
883 1707 1001 1788 reliqua
1020 1705 1165 1766 mandata

194 1827 289 1875 curet.

290 2008 345 2062 Ser.
364 2009 456 2080 Ephesi
474 2011 505 2062 A.
518 2005 553 2063 V.
567 2009 597 2063 C.
616 2009 728 2078 occu,
746 2017 804 2082 post
822 2009 857 2061 xl
878 2008 937 2060 sn.
953 2008 1026 2060 Sexta

468 2179 615 2246 CICERO
639 2180 792 2246 ATTICO
817 2181 848 2245 S.

209 2368 435 2492 [Ephesum
471 2319 633 2444 venimus
666 2396 695 2442 a.
731 2369 764 2442 d⁴
798 2371 855 2443 XI
888 2364 968 2444 Kal.
993 2365 1173 2472 Sextiles,

153 2501 368 2598 sexagesimo
394 2512 431 2571 et
455 2498 735 2601 quingentesimo
762 2512 845 2598 post
869 2520 1026 2598 pugnam
1046 2498 1166 2574 Bovil=

152 2618 221 2698 lam
242 2643 265 2698 ¹.
297 2625 548 2725 Navigavimns
582 2625 658 2697 sine
693 2625 819 2699 timore
848 2640 884 2698 et
909 2627 983 2699 sine
1009 2648 1162 2727 nausea;

153 2752 217 2825 sed
241 2754 373 2826 tardius
399 2767 548 2854 propter
573 2752 825 2854 aphractorum
850 2746 1072 2826 Rhodiorum
1101 2755 1161 2828 im*

151 2877 388 2952 becillitatem.
406 2881 461 2953 De
478 2904 652 2955 concursu
673 2879 907 2980 legationum,
924 2875 1161 2980 privatorum,

153 3018 189 3077 et
214 3005 258 3078 de
283 3005 480 3079 incredibili
505 3006 732 3079 multitudine
746 3021 771 3105 ²,
789 3033 877 3109 quae
895 3007 982 3078 mini
1004 3008 1076 3078 iam
1103 3007 1159 3079 Se·

151 3132 215 3230 mi,
240 3130 303 3203 sed
329 3132 524 3205 mirabilem
547 3137 584 3204 in
605 3133 751 3205 modum
768 3133 900 3233 Ephesi
919 3149 1061 3232 praesto
1079 3133 1160 3230 suit,

152 3270 213 3328 aut
239 3256 376 3330 audisse
401 3273 437 3331 te
463 3274 574 3359 puto,
607 3273 668 3331 aut
700 3259 786 3360 quid
819 3259 865 3331 ad
896 3285 952 3331 me
979 3256 1160 3333 attinetl³

137 3382 407 3457 ¹Verumtamen
422 3379 457 3486 4,
482 3386 699 3487 Decumani,
733 3412 774 3458 uc
808 3387 837 3458 si
870 3387 1046 3460 venissem
1081 3412 1162 3460 cum

150 3508 300 3612 imperio
317 3515 343 3611 ⁵,
369 3514 495 3613 Graeci
521 3513 620 3616 quasi
648 3513 806 3613 Ephesio
839 3515 995 3614 praetori
1025 3538 1063 3588 se
1091 3513 1162 3588 ala-

152 3661 228 3710 cres
254 3618 473 3713 obtulerunt:
499 3659 542 3714 ex
568 3666 638 3742 quo
665 3654 701 3713 te
725 3638 919 3740 intelligere
945 3655 1043 3714 certo
1068 3641 1163 3741 scio,-

151 3761 343 3839 multorum
369 3792 542 3841 annorum
567 3768 856 3842 ostentationes⁶
880 3792 977 3841 meas
1001 3793 1099 3840 nunc
1125 3767 1162 3839 in

152 3885 340 3964 discrimen
365 3919 441 3967 esse
467 3893 648 3970 adductas
675 3894 766 3995 Sed,
800 3909 840 3968 ut
866 3921 970 3996 spero
977 3942 988 3994 ,
1021 3908 1165 3981 utemur
