2616 4852
93 407 94 411 Ἰ
162 302 229 406 1'84
470 327 638 381 nrrsrom
665 331 804 380 ccxxur.
935 330 1128 399 aneo.

157 425 214 510 ille
220 493 230 537 7
255 425 360 537 quam
385 432 584 509 clementer!
609 469 625 500 α
642 433 739 525 Quid
756 437 785 506 si
802 433 892 507 filius
909 461 1008 509 meus
1027 437 1151 512 fustem

99 576 101 579 ’
163 597 181 630 α
204 562 291 636 mihi
315 561 508 661 impingere
533 559 695 636 voletl⁶²
712 593 729 625 n
753 560 818 633 His
842 562 1010 663 vocibus,
1026 579 1069 637 ut
1086 566 1153 638 exi·

155 689 338 761 stimarent
369 687 548 787 homines⁷
580 687 751 786 Pompeio
785 713 865 759 eum
898 689 1049 771 Caesare
1081 716 1149 764 esse

154 815 351 912 negotium,
383 811 505 885 effecit.
537 815 659 914 Itaque
691 814 780 912 iam⁷
813 826 854 885 ut
878 814 1000 914 video,
1028 814 1148 889 alteru-

157 954 246 1012 tram
262 942 294 990 ⁶³
320 938 366 1011 ad
391 939 631 1013 conditionem
669 938 880 1012 descendere
905 939 983 1014 vult
1009 943 1146 1040 Caesar,

154 1081 195 1140 ut
220 1079 280 1138 aut
304 1079 459 1164 maneat,
492 1091 606 1166 neque
631 1065 700 1138 hoc
726 1091 820 1138 anno
846 1066 900 1138 sui
924 1067 1016 1139 ratio
1035 1065 1068 1132 64
1090 1067 1145 1140 ha-

47 1242 50 1247 ·
154 1192 294 1290 beatur5
312 1205 388 1290 aut,
405 1193 434 1264 si
451 1191 624 1289 designari
650 1193 796 1292 poterit⁷
823 1191 979 1265 decedat.
1007 1195 1143 1268 Curio⁶⁵

155 1346 192 1392 se
218 1333 340 1392 contra
366 1344 445 1390 eum
470 1331 585 1390 totum
610 1331 726 1417 parat:
753 1317 838 1420 quid
863 1320 1001 1420 assequi
1026 1321 1141 1420 possit,

153 1445 281 1518 nescio.
306 1443 397 1516 Illud
421 1442 525 1517 video
532 1501 543 1543 7
566 1442 655 1516 bene
681 1444 889 1518 sentientem
905 1448 950 1546 ⁶⁶,
975 1447 1042 1546 etsi
1066 1444 1141 1520 nihil

154 1559 322 1668 effecerit,
348 1569 471 1642 cadere
496 1596 568 1643 non
593 1596 706 1670 posse.
940 1550 945 1555 ⁸

205 1695 227 1769 5
254 1697 312 1767 Me
338 1709 466 1768 tractat
490 1694 678 1768 liberaliter
703 1697 823 1795 Curio,
841 1711 877 1769 et
893 1697 981 1769 mihi
1000 1722 1064 1771 suo
1079 1723 1139 1770 mu·

154 1849 237 1896 nere
255 1826 286 1889 ⁶7
312 1823 492 1920 negotium
515 1823 692 1921 imposuit.
717 1822 810 1895 Nam
834 1823 863 1895 si
887 1822 975 1899 mihi
992 1813 1066 1897 non
1089 1823 1137 1896 de·

156 1947 263 2021 disset
288 1974 363 2046 eas,
390 1974 478 2049 quae
504 1946 550 2019 ad
573 1946 677 2019 ludos
702 1950 734 2020 ei
760 1947 927 2022 advectae
949 1963 1051 2022 erant
1066 1948 1138 2039 Atri-

32 2067 42 2082 ’
155 2100 262 2147 canae
279 2076 322 2173 ⁶⁸,
347 2075 465 2173 potuit
497 2073 722 2172 supersederi.
752 2073 872 2172 Nunc,
901 2074 1045 2175 quando
1071 2073 1138 2146 dare

154 2225 295 2271 necesse
321 2211 390 2296 est,
414 2197 522 2271 velim
547 2198 612 2271 tibi
638 2225 740 2272 curae
761 2200 822 2296 sit,
840 2199 937 2301 quod
961 2227 983 2272 a
1008 2185 1053 2272 te*¹
1068 2226 1137 2272 sen·
1176 2282 1179 2295 Α

155 2350 219 2425 per
244 2309 346 2424 petii,
369 2338 411 2396 ut
436 2322 568 2426 aliquid
592 2326 695 2398 istinc
720 2325 910 2398 bestiarum
940 2325 1135 2400 habeamus:

154 2451 406 2549 Sittianamque
431 2451 665 2551 syngrapham
682 2455 714 2517 ⁶9
740 2451 806 2523 tibi
838 2452 1060 2526 commendo.
1091 2452 1134 2524 Li·

153 2575 293 2649 hertum
317 2574 504 2649 Philonem
529 2577 619 2648 istuc
645 2578 721 2650 misi
748 2590 783 2648 et
807 2578 1002 2675 Diogenem
1029 2579 1133 2662 [Grae

154 2710 315 2800 cum]⁷⁰7
347 2701 473 2802 quibus
505 2701 670 2774 mandata
704 2716 739 2775 et
770 2702 886 2775 literas
921 2702 968 2775 ad
1001 2716 1037 2775 te
1062 2701 1130 2774 dedi.

153 2830 227 2900 Eos
252 2826 316 2899 tibi
342 2841 378 2899 et
403 2854 497 2927 rem,
530 2827 574 2900 de
607 2855 674 2929 qua
707 2829 806 2926 misi,
831 2827 936 2903 velim
962 2855 1065 2921 eurae
1084 2827 1129 2898 ha·

152 2951 245 3025 beas.
269 2953 377 3052 Nam,
404 2980 509 3054 quam
535 2953 759 3028 vehementer
785 2953 831 3025 ad
849 2980 905 3026 me
923 2954 1090 3054 pertineat
1100 2965 1131 3047 ⁷¹,

153 3077 274 3176 iniis,
299 3104 384 3181 quas
410 3079 473 3151 tibi
498 3079 547 3154 illi
572 3080 743 3180 reddent,
768 3080 876 3154 literis
905 3080 1077 3181 descripsi.

548 3457 748 3532 CCXXIV.
924 3494 1108 3557 (nanterus)

151 3631 369 3711 Argumentum.
391 3635 567 3695 Gratulatur
587 3636 624 3695 de
643 3635 793 3695 aedilitate
807 3634 947 3707 obtenta,
962 3635 1050 3694 Hirro
1062 3646 1130 3690 eom·
1177 3693 1179 3697 ,

85 3725 88 3732 ’
190 3740 317 3818 petitore
344 3740 475 3816 deiecto,
500 3745 530 3802 in
558 3763 648 3824 quem
670 3743 776 3803 veteris
801 3746 909 3823 poetae
937 3741 1034 3803 verbis
1053 3737 1131 3797 facete
