<?xml version="1.0" encoding="UTF-8"?>
<!DOCTYPE html PUBLIC "-//W3C//DTD XHTML 1.0 Transitional//EN"
    "http://www.w3.org/TR/xhtml1/DTD/xhtml1-transitional.dtd">
<html xmlns="http://www.w3.org/1999/xhtml" xml:lang="en" lang="en">
 <head>
  <title>
</title>
<meta http-equiv="Content-Type" content="text/html;charset=utf-8" />
  <meta name='ocr-system' content='tesseract 3.04.00' />
  <meta name='ocr-capabilities' content='ocr_page ocr_carea ocr_par ocr_line ocrx_word'/>
</head>
<body>
  <div class='ocr_page' id='page_1' title='image "./mtulliiciceroni02cicegoog_0219.png"; bbox 0 0 2616 4852; ppageno 0'>
   <div class='ocr_carea' id='block_1_1' title="bbox 153 316 1118 422">
    <p class='ocr_par' dir='ltr' id='par_1_1' title="bbox 153 316 1118 422">
     <span class='ocr_line' id='line_1_1' title="bbox 153 316 1118 422; baseline -0.008 -18"><span class='ocrx_word' id='word_1_1' title='bbox 153 331 221 422; x_wconf 71' lang='lat'><strong>214</strong></span> <span class='ocrx_word' id='word_1_2' title='bbox 487 316 653 396; x_wconf 72' lang='lat' dir='ltr'><strong>arisrota</strong></span> <span class='ocrx_word' id='word_1_3' title='bbox 680 349 811 396; x_wconf 66' lang='lat' dir='ltr'><strong>ccxxix.</strong></span> <span class='ocrx_word' id='word_1_4' title='bbox 926 347 957 395; x_wconf 78' lang='grc' dir='ltr'><strong>Α.</strong></span> <span class='ocrx_word' id='word_1_5' title='bbox 975 350 1009 396; x_wconf 84' lang='lat' dir='ltr'><strong>v.</strong></span> <span class='ocrx_word' id='word_1_6' title='bbox 1026 351 1054 397; x_wconf 90' lang='lat' dir='ltr'><strong>c.</strong></span> <span class='ocrx_word' id='word_1_7' title='bbox 1073 362 1118 410; x_wconf 66' lang='grc' dir='ltr'><strong>μα</strong></span> 
     </span>
    </p>
   </div>
   <div class='ocr_carea' id='block_1_2' title="bbox 552 577 1121 679">
    <p class='ocr_par' dir='ltr' id='par_1_2' title="bbox 552 577 1121 679">
     <span class='ocr_line' id='line_1_2' title="bbox 552 577 1121 679; baseline 0.002 -13"><span class='ocrx_word' id='word_1_8' title='bbox 552 577 753 648; x_wconf 73' lang='lat' dir='ltr'><strong>rernm.</strong></span> <span class='ocrx_word' id='word_1_9' title='bbox 860 615 1121 679; x_wconf 52' lang='lat' dir='ltr'><strong>...sinn</strong></span> 
     </span>
    </p>
   </div>
   <div class='ocr_carea' id='block_1_3' title="bbox 149 753 1121 1039">
    <p class='ocr_par' dir='ltr' id='par_1_3' title="bbox 149 753 1121 1039">
     <span class='ocr_line' id='line_1_3' title="bbox 149 753 1121 835; baseline 0 -19"><span class='ocrx_word' id='word_1_10' title='bbox 149 758 368 835; x_wconf 78' lang='lat' dir='ltr'><em>Argumentum.</em></span> <span class='ocrx_word' id='word_1_11' title='bbox 389 753 536 814; x_wconf 81' lang='lat' dir='ltr'><strong>Hortatur</strong></span> <span class='ocrx_word' id='word_1_12' title='bbox 547 754 760 825; x_wconf 89' lang='lat' dir='ltr'><strong>Volumnium,</strong></span> <span class='ocrx_word' id='word_1_13' title='bbox 777 765 812 814; x_wconf 83' lang='lat' dir='ltr'><strong>ut</strong></span> <span class='ocrx_word' id='word_1_14' title='bbox 832 765 951 826; x_wconf 82' lang='lat' dir='ltr'><strong>caveat,</strong></span> <span class='ocrx_word' id='word_1_15' title='bbox 965 775 1004 814; x_wconf 89' lang='lat' dir='ltr'><strong>ne</strong></span> <span class='ocrx_word' id='word_1_16' title='bbox 1017 754 1121 816; x_wconf 70' lang='lat' dir='ltr'><strong>aliona]</strong></span> 
     </span>
     <span class='ocr_line' id='line_1_4' title="bbox 190 860 1121 943; baseline 0.002 -21"><span class='ocrx_word' id='word_1_17' title='bbox 190 863 284 933; x_wconf 87' lang='lat' dir='ltr'><strong>dicta,</strong></span> <span class='ocrx_word' id='word_1_18' title='bbox 306 882 383 943; x_wconf 89' lang='lat' dir='ltr'><strong>quae</strong></span> <span class='ocrx_word' id='word_1_19' title='bbox 403 871 547 942; x_wconf 87' lang='lat' dir='ltr'><strong>putentur</strong></span> <span class='ocrx_word' id='word_1_20' title='bbox 567 860 643 920; x_wconf 89' lang='lat' dir='ltr'><strong>salsa</strong></span> <span class='ocrx_word' id='word_1_21' title='bbox 664 872 694 920; x_wconf 92' lang='lat' dir='ltr'><strong>et</strong></span> <span class='ocrx_word' id='word_1_22' title='bbox 713 860 855 933; x_wconf 87' lang='lat' dir='ltr'><strong>ridicula,</strong></span> <span class='ocrx_word' id='word_1_23' title='bbox 880 863 912 921; x_wconf 91' lang='lat' dir='ltr'><strong>iu</strong></span> <span class='ocrx_word' id='word_1_24' title='bbox 936 882 968 921; x_wconf 93' lang='lat' dir='ltr'><strong>se</strong></span> <span class='ocrx_word' id='word_1_25' title='bbox 989 861 1121 924; x_wconf 75' lang='lat' dir='ltr'><strong>contem</strong></span> 
     </span>
     <span class='ocr_line' id='line_1_5' title="bbox 190 965 1075 1039; baseline -0.001 -11"><span class='ocrx_word' id='word_1_26' title='bbox 190 980 254 1039; x_wconf 87' lang='lat' dir='ltr'><strong>tur,</strong></span> <span class='ocrx_word' id='word_1_27' title='bbox 274 979 304 1028; x_wconf 90' lang='lat' dir='ltr'><strong>et</strong></span> <span class='ocrx_word' id='word_1_28' title='bbox 324 979 358 1027; x_wconf 92' lang='lat' dir='ltr'><strong>ut</strong></span> <span class='ocrx_word' id='word_1_29' title='bbox 377 966 552 1027; x_wconf 85' lang='lat' dir='ltr'><strong>Dolabellae</strong></span> <span class='ocrx_word' id='word_1_30' title='bbox 571 966 806 1027; x_wconf 81' lang='lat' dir='ltr'><strong>benivolentiam</strong></span> <span class='ocrx_word' id='word_1_31' title='bbox 826 965 883 1027; x_wconf 89' lang='lat' dir='ltr'><strong>sibi</strong></span> <span class='ocrx_word' id='word_1_32' title='bbox 906 966 1075 1027; x_wconf 86' lang='lat' dir='ltr'><strong>confirmet.</strong></span> 
     </span>
    </p>
   </div>
   <div class='ocr_carea' id='block_1_4' title="bbox 265 1172 1041 1239">
    <p class='ocr_par' dir='ltr' id='par_1_4' title="bbox 265 1172 1041 1239">
     <span class='ocr_line' id='line_1_6' title="bbox 265 1172 1041 1239; baseline -0.004 -13"><span class='ocrx_word' id='word_1_33' title='bbox 265 1175 317 1227; x_wconf 89' lang='lat' dir='ltr'><strong>Sor.</strong></span> <span class='ocrx_word' id='word_1_34' title='bbox 338 1175 365 1224; x_wconf 89' lang='lat' dir='ltr'><strong>in</strong></span> <span class='ocrx_word' id='word_1_35' title='bbox 382 1172 471 1225; x_wconf 85' lang='lat' dir='ltr'><strong>Cilicia</strong></span> <span class='ocrx_word' id='word_1_36' title='bbox 488 1178 519 1225; x_wconf 79' lang='lat' dir='ltr'><strong>A.</strong></span> <span class='ocrx_word' id='word_1_37' title='bbox 538 1172 572 1226; x_wconf 87' lang='lat' dir='ltr'><strong>V.</strong></span> <span class='ocrx_word' id='word_1_38' title='bbox 590 1172 618 1225; x_wconf 90' lang='lat' dir='ltr'><strong>C.</strong></span> <span class='ocrx_word' id='word_1_39' title='bbox 638 1172 748 1239; x_wconf 82' lang='lat' dir='ltr'><strong>uccss,</strong></span> <span class='ocrx_word' id='word_1_40' title='bbox 766 1182 876 1226; x_wconf 80' lang='lat' dir='ltr'><strong>exeunte</strong></span> <span class='ocrx_word' id='word_1_41' title='bbox 895 1173 1041 1226; x_wconf 86' lang='lat' dir='ltr'><strong>Decembri.</strong></span> 
     </span>
    </p>
   </div>
   <div class='ocr_carea' id='block_1_5' title="bbox 365 1369 932 1436">
    <p class='ocr_par' dir='ltr' id='par_1_5' title="bbox 365 1369 932 1436">
     <span class='ocr_line' id='line_1_7' title="bbox 365 1369 932 1436; baseline 0.005 -3"><span class='ocrx_word' id='word_1_42' title='bbox 365 1371 408 1433; x_wconf 90' lang='lat' dir='ltr'><strong>M.</strong></span> <span class='ocrx_word' id='word_1_43' title='bbox 433 1369 577 1434; x_wconf 88' lang='lat' dir='ltr'>CICERO</span> <span class='ocrx_word' id='word_1_44' title='bbox 603 1371 633 1433; x_wconf 87' lang='lat' dir='ltr'><strong>S.</strong></span> <span class='ocrx_word' id='word_1_45' title='bbox 657 1372 695 1433; x_wconf 87' lang='grc' dir='ltr'><strong>Ι).</strong></span> <span class='ocrx_word' id='word_1_46' title='bbox 719 1371 932 1436; x_wconf 85' lang='lat' dir='ltr'>VOLVMNIO</span> 
     </span>
    </p>
   </div>
   <div class='ocr_carea' id='block_1_6' title="bbox 76 1574 1121 2557">
    <p class='ocr_par' dir='ltr' id='par_1_6' title="bbox 76 1574 1121 2557">
     <span class='ocr_line' id='line_1_8' title="bbox 200 1574 1120 1675; baseline 0.002 -29"><span class='ocrx_word' id='word_1_47' title='bbox 200 1574 308 1668; x_wconf 87' lang='lat' dir='ltr'><strong>Quod</strong></span> <span class='ocrx_word' id='word_1_48' title='bbox 333 1575 407 1647; x_wconf 93' lang='lat' dir='ltr'><strong>sine</strong></span> <span class='ocrx_word' id='word_1_49' title='bbox 432 1577 658 1674; x_wconf 87' lang='lat' dir='ltr'><strong>praenomine</strong></span> <span class='ocrx_word' id='word_1_50' title='bbox 678 1592 688 1626; x_wconf 93' lang='lat'><em>¹</em></span> <span class='ocrx_word' id='word_1_51' title='bbox 717 1575 945 1675; x_wconf 82' lang='lat' dir='ltr'><strong>familiariter,</strong></span> <span class='ocrx_word' id='word_1_52' title='bbox 978 1591 1018 1649; x_wconf 87' lang='lat' dir='ltr'><strong>ut</strong></span> <span class='ocrx_word' id='word_1_53' title='bbox 1043 1576 1120 1650; x_wconf 86' lang='lat' dir='ltr'><strong>debe</strong></span> 
     </span>
     <span class='ocr_line' id='line_1_9' title="bbox 150 1699 1121 1802; baseline 0.001 -30"><span class='ocrx_word' id='word_1_54' title='bbox 150 1701 231 1800; x_wconf 79' lang='lat' dir='ltr'><strong>bas,</strong></span> <span class='ocrx_word' id='word_1_55' title='bbox 256 1699 303 1774; x_wconf 91' lang='lat' dir='ltr'><strong>ad</strong></span> <span class='ocrx_word' id='word_1_56' title='bbox 327 1726 383 1772; x_wconf 93' lang='lat' dir='ltr'><strong>me</strong></span> <span class='ocrx_word' id='word_1_57' title='bbox 409 1700 594 1800; x_wconf 89' lang='lat' dir='ltr'><strong>epistolam</strong></span> <span class='ocrx_word' id='word_1_58' title='bbox 618 1702 759 1801; x_wconf 77' lang='lat' dir='ltr'><strong>misisti,</strong></span> <span class='ocrx_word' id='word_1_59' title='bbox 785 1702 937 1802; x_wconf 88' lang='lat' dir='ltr'><strong>primum</strong></span> <span class='ocrx_word' id='word_1_60' title='bbox 964 1701 1121 1774; x_wconf 87' lang='lat' dir='ltr'><strong>addubita</strong></span> 
     </span>
     <span class='ocr_line' id='line_1_10' title="bbox 76 1825 1121 1929; baseline -0.002 -30"><span class='ocrx_word' id='word_1_61' title='bbox 76 1881 83 1887; x_wconf 88' lang='lat'><em>-</em></span> <span class='ocrx_word' id='word_1_62' title='bbox 150 1827 203 1925; x_wconf 82' lang='lat' dir='ltr'><strong>vi,</strong></span> <span class='ocrx_word' id='word_1_63' title='bbox 220 1851 305 1898; x_wconf 91' lang='lat' dir='ltr'><strong>num</strong></span> <span class='ocrx_word' id='word_1_64' title='bbox 323 1852 343 1898; x_wconf 88' lang='lat' dir='ltr'><strong>a</strong></span> <span class='ocrx_word' id='word_1_65' title='bbox 359 1826 553 1899; x_wconf 90' lang='lat' dir='ltr'><strong>Volumnio</strong></span> <span class='ocrx_word' id='word_1_66' title='bbox 579 1840 739 1900; x_wconf 81' lang='lat' dir='ltr'><strong>senatore</strong></span> <span class='ocrx_word' id='word_1_67' title='bbox 765 1842 872 1927; x_wconf 76' lang='lat' dir='ltr'><strong>esset,</strong></span> <span class='ocrx_word' id='word_1_68' title='bbox 890 1853 1045 1929; x_wconf 91' lang='lat' dir='ltr'><strong>quocum</strong></span> <span class='ocrx_word' id='word_1_69' title='bbox 1062 1825 1121 1898; x_wconf 91' lang='lat' dir='ltr'><strong>mil</strong></span> 
     </span>
     <span class='ocr_line' id='line_1_11' title="bbox 151 1951 1121 2050; baseline 0.001 -27"><span class='ocrx_word' id='word_1_70' title='bbox 151 1965 230 2024; x_wconf 83' lang='lat' dir='ltr'><strong>est²</strong></span> <span class='ocrx_word' id='word_1_71' title='bbox 256 1978 402 2049; x_wconf 88' lang='lat' dir='ltr'><strong>magnus</strong></span> <span class='ocrx_word' id='word_1_72' title='bbox 427 1979 527 2050; x_wconf 79' lang='lat' dir='ltr'><strong>usus3</strong></span> <span class='ocrx_word' id='word_1_73' title='bbox 552 1951 680 2024; x_wconf 90' lang='lat' dir='ltr'><strong>deinde</strong></span> <span class='ocrx_word' id='word_1_74' title='bbox 705 1956 880 2048; x_wconf 77' lang='grc' dir='ltr'><em>εὐτραπελία</em></span> <span class='ocrx_word' id='word_1_75' title='bbox 895 1953 1075 2026; x_wconf 82' lang='lat' dir='ltr'><strong>literarum</strong></span> <span class='ocrx_word' id='word_1_76' title='bbox 1097 1951 1121 2024; x_wconf 85' lang='lat' dir='ltr'><strong>fe</strong></span> 
     </span>
     <span class='ocr_line' id='line_1_12' title="bbox 152 2076 1121 2176; baseline 0.002 -28"><span class='ocrx_word' id='word_1_77' title='bbox 152 2077 219 2175; x_wconf 76' lang='lat' dir='ltr'><strong>cit,</strong></span> <span class='ocrx_word' id='word_1_78' title='bbox 244 2091 285 2149; x_wconf 90' lang='lat' dir='ltr'><strong>ut</strong></span> <span class='ocrx_word' id='word_1_79' title='bbox 308 2076 558 2176; x_wconf 81' lang='lat' dir='ltr'><strong>intelligerem,</strong></span> <span class='ocrx_word' id='word_1_80' title='bbox 590 2092 667 2150; x_wconf 90' lang='lat' dir='ltr'><strong>tuas</strong></span> <span class='ocrx_word' id='word_1_81' title='bbox 700 2105 783 2151; x_wconf 85' lang='lat' dir='ltr'><strong>esse.</strong></span> <span class='ocrx_word' id='word_1_82' title='bbox 817 2078 955 2170; x_wconf 90' lang='lat' dir='ltr'><strong>Quibus</strong></span> <span class='ocrx_word' id='word_1_83' title='bbox 979 2081 1018 2150; x_wconf 95' lang='lat' dir='ltr'><strong>in</strong></span> <span class='ocrx_word' id='word_1_84' title='bbox 1041 2079 1121 2150; x_wconf 76' lang='lat' dir='ltr'><strong>liten‘</strong></span> 
     </span>
     <span class='ocr_line' id='line_1_13' title="bbox 151 2203 1121 2305; baseline 0.002 -31"><span class='ocrx_word' id='word_1_85' title='bbox 151 2205 268 2274; x_wconf 90' lang='lat' dir='ltr'><strong>omnia</strong></span> <span class='ocrx_word' id='word_1_86' title='bbox 302 2203 388 2275; x_wconf 89' lang='lat' dir='ltr'><strong>mihi</strong></span> <span class='ocrx_word' id='word_1_87' title='bbox 425 2203 641 2301; x_wconf 88' lang='lat' dir='ltr'><strong>periucunda</strong></span> <span class='ocrx_word' id='word_1_88' title='bbox 678 2205 831 2305; x_wconf 78' lang='lat' dir='ltr'><strong>fuerunt5</strong></span> <span class='ocrx_word' id='word_1_89' title='bbox 868 2220 1008 2304; x_wconf 86' lang='lat' dir='ltr'><strong>praeter</strong></span> <span class='ocrx_word' id='word_1_90' title='bbox 1039 2203 1121 2279; x_wconf 89' lang='lat' dir='ltr'><strong>illud</strong></span> 
     </span>
     <span class='ocr_line' id='line_1_14' title="bbox 152 2329 1121 2432; baseline 0.004 -31"><span class='ocrx_word' id='word_1_91' title='bbox 152 2330 249 2431; x_wconf 91' lang='lat' dir='ltr'><strong>quod</strong></span> <span class='ocrx_word' id='word_1_92' title='bbox 264 2355 391 2432; x_wconf 88' lang='lat' dir='ltr'><strong>parum</strong></span> <span class='ocrx_word' id='word_1_93' title='bbox 418 2329 601 2427; x_wconf 83' lang='lat' dir='ltr'><strong>diligenter</strong></span> <span class='ocrx_word' id='word_1_94' title='bbox 624 2333 799 2430; x_wconf 91' lang='lat' dir='ltr'><strong>possessio</strong></span> <span class='ocrx_word' id='word_1_95' title='bbox 824 2331 1042 2405; x_wconf 80' lang='lat' dir='ltr'><strong>salinarum³</strong></span> <span class='ocrx_word' id='word_1_96' title='bbox 1059 2358 1121 2405; x_wconf 74' lang='lat' dir='ltr'><strong>met</strong></span> 
     </span>
     <span class='ocr_line' id='line_1_15' title="bbox 151 2455 1121 2557; baseline 0.001 -30"><span class='ocrx_word' id='word_1_97' title='bbox 151 2481 227 2527; x_wconf 90' lang='lat' dir='ltr'><strong>rum</strong></span> <span class='ocrx_word' id='word_1_98' title='bbox 255 2482 274 2527; x_wconf 93' lang='lat' dir='ltr'><strong>a</strong></span> <span class='ocrx_word' id='word_1_99' title='bbox 300 2469 335 2526; x_wconf 89' lang='lat' dir='ltr'><strong>te</strong></span> <span class='ocrx_word' id='word_1_100' title='bbox 368 2469 596 2553; x_wconf 85' lang='lat' dir='ltr'><strong>procuratore</strong></span> <span class='ocrx_word' id='word_1_101' title='bbox 631 2455 837 2529; x_wconf 88' lang='lat' dir='ltr'><strong>defenditur.</strong></span> <span class='ocrx_word' id='word_1_102' title='bbox 872 2458 934 2529; x_wconf 89' lang='lat' dir='ltr'><strong>Ais</strong></span> <span class='ocrx_word' id='word_1_103' title='bbox 963 2459 1055 2530; x_wconf 89' lang='lat' dir='ltr'><strong>enim</strong></span> <span class='ocrx_word' id='word_1_104' title='bbox 1068 2514 1079 2557; x_wconf 70' lang='lat'><em>7</em></span> <span class='ocrx_word' id='word_1_105' title='bbox 1108 2484 1121 2528; x_wconf 82' lang='lat' dir='ltr'><strong>t</strong></span> 
     </span>
    </p>
   </div>
   <div class='ocr_carea' id='block_1_7' title="bbox 40 2580 1121 2682">
    <p class='ocr_par' dir='ltr' id='par_1_7' title="bbox 40 2580 1121 2682">
     <span class='ocr_line' id='line_1_16' title="bbox 40 2580 1121 2682; baseline 0.002 -30"><span class='ocrx_word' id='word_1_106' title='bbox 40 2627 43 2632; x_wconf 94' lang='lat'>-</span> <span class='ocrx_word' id='word_1_107' title='bbox 151 2607 215 2679; x_wconf 89' lang='lat' dir='ltr'><strong>ego</strong></span> <span class='ocrx_word' id='word_1_108' title='bbox 243 2580 509 2679; x_wconf 75' lang='lat' dir='ltr'><strong>discesserint,</strong></span> <span class='ocrx_word' id='word_1_109' title='bbox 541 2582 658 2652; x_wconf 89' lang='lat' dir='ltr'><strong>omnia</strong></span> <span class='ocrx_word' id='word_1_110' title='bbox 692 2583 850 2653; x_wconf 90' lang='lat' dir='ltr'><strong>omnium</strong></span> <span class='ocrx_word' id='word_1_111' title='bbox 883 2582 1000 2682; x_wconf 75' lang='lat' dir='ltr'><strong>dicta,</strong></span> <span class='ocrx_word' id='word_1_112' title='bbox 1031 2583 1121 2655; x_wconf 63' lang='lat' dir='ltr'><strong>inlu*</strong></span> 
     </span>
    </p>
   </div>
   <div class='ocr_carea' id='block_1_8' title="bbox 150 2707 1121 3687">
    <p class='ocr_par' dir='ltr' id='par_1_8' title="bbox 150 2707 1121 3687">
     <span class='ocr_line' id='line_1_17' title="bbox 150 2707 1121 2808; baseline 0 -29"><span class='ocrx_word' id='word_1_113' title='bbox 150 2709 256 2779; x_wconf 88' lang='lat' dir='ltr'><strong>etiam</strong></span> <span class='ocrx_word' id='word_1_114' title='bbox 281 2708 463 2804; x_wconf 76' lang='lat' dir='ltr'><strong>Scirtiana,</strong></span> <span class='ocrx_word' id='word_1_115' title='bbox 488 2708 524 2778; x_wconf 92' lang='lat' dir='ltr'><strong>in</strong></span> <span class='ocrx_word' id='word_1_116' title='bbox 549 2733 605 2778; x_wconf 89' lang='lat' dir='ltr'><strong>me</strong></span> <span class='ocrx_word' id='word_1_117' title='bbox 631 2707 788 2778; x_wconf 85' lang='lat' dir='ltr'><strong>conferri.</strong></span> <span class='ocrx_word' id='word_1_118' title='bbox 814 2708 932 2799; x_wconf 84' lang='lat' dir='ltr'><strong>Qnidl</strong></span> <span class='ocrx_word' id='word_1_119' title='bbox 958 2722 997 2778; x_wconf 92' lang='lat' dir='ltr'><strong>tu</strong></span> <span class='ocrx_word' id='word_1_120' title='bbox 1023 2709 1062 2781; x_wconf 92' lang='lat' dir='ltr'><strong>id</strong></span> <span class='ocrx_word' id='word_1_121' title='bbox 1085 2735 1121 2808; x_wconf 83' lang='lat' dir='ltr'><strong>pa</strong></span> 
     </span>
     <span class='ocr_line' id='line_1_18' title="bbox 152 2832 1121 2936; baseline 0 -32"><span class='ocrx_word' id='word_1_122' title='bbox 152 2833 251 2906; x_wconf 82' lang='lat' dir='ltr'><strong>terisl</strong></span> <span class='ocrx_word' id='word_1_123' title='bbox 277 2859 350 2904; x_wconf 93' lang='lat' dir='ltr'><strong>non</strong></span> <span class='ocrx_word' id='word_1_124' title='bbox 376 2832 581 2904; x_wconf 80' lang='lat' dir='ltr'><strong>defendisl⁵</strong></span> <span class='ocrx_word' id='word_1_125' title='bbox 608 2858 680 2936; x_wconf 91' lang='lat' dir='ltr'><strong>non</strong></span> <span class='ocrx_word' id='word_1_126' title='bbox 707 2832 857 2905; x_wconf 87' lang='lat' dir='ltr'><strong>resistisl</strong></span> <span class='ocrx_word' id='word_1_127' title='bbox 880 2833 1056 2933; x_wconf 88' lang='lat' dir='ltr'><strong>Equidem</strong></span> <span class='ocrx_word' id='word_1_128' title='bbox 1074 2859 1121 2933; x_wconf 76' lang='lat' dir='ltr'><strong>spt</strong></span> 
     </span>
     <span class='ocr_line' id='line_1_19' title="bbox 152 2957 1121 3058; baseline -0.002 -28"><span class='ocrx_word' id='word_1_129' title='bbox 152 2958 289 3055; x_wconf 79' lang='lat' dir='ltr'><strong>rabam⁷</strong></span> <span class='ocrx_word' id='word_1_130' title='bbox 314 2959 362 3029; x_wconf 87' lang='lat' dir='ltr'><strong>ita</strong></span> <span class='ocrx_word' id='word_1_131' title='bbox 389 2972 511 3030; x_wconf 86' lang='lat' dir='ltr'><strong>notata</strong></span> <span class='ocrx_word' id='word_1_132' title='bbox 537 2985 592 3030; x_wconf 90' lang='lat' dir='ltr'><strong>me</strong></span> <span class='ocrx_word' id='word_1_133' title='bbox 618 2957 797 3058; x_wconf 88' lang='lat' dir='ltr'><strong>reliquisse</strong></span> <span class='ocrx_word' id='word_1_134' title='bbox 822 2984 948 3056; x_wconf 88' lang='lat' dir='ltr'><strong>genera</strong></span> <span class='ocrx_word' id='word_1_135' title='bbox 975 2960 1121 3032; x_wconf 81' lang='lat' dir='ltr'><strong>dictorut</strong></span> 
     </span>
     <span class='ocr_line' id='line_1_20' title="bbox 152 3085 1121 3184; baseline 0.001 -31"><span class='ocrx_word' id='word_1_136' title='bbox 152 3096 332 3181; x_wconf 73' lang='lat' dir='ltr'><strong>meorum,</strong></span> <span class='ocrx_word' id='word_1_137' title='bbox 368 3098 408 3155; x_wconf 89' lang='lat' dir='ltr'><strong>ut</strong></span> <span class='ocrx_word' id='word_1_138' title='bbox 441 3085 606 3181; x_wconf 85' lang='lat' dir='ltr'><strong>cognosci</strong></span> <span class='ocrx_word' id='word_1_139' title='bbox 639 3110 701 3156; x_wconf 93' lang='lat' dir='ltr'><strong>sua</strong></span> <span class='ocrx_word' id='word_1_140' title='bbox 735 3098 861 3184; x_wconf 87' lang='lat' dir='ltr'><strong>sponte</strong></span> <span class='ocrx_word' id='word_1_141' title='bbox 886 3099 1041 3182; x_wconf 89' lang='lat' dir='ltr'><strong>possent.</strong></span> <span class='ocrx_word' id='word_1_142' title='bbox 1079 3085 1121 3154; x_wconf 68' lang='lat' dir='ltr'><strong>Se&lt;</strong></span> 
     </span>
     <span class='ocr_line' id='line_1_21' title="bbox 153 3206 1116 3307; baseline 0.003 -30"><span class='ocrx_word' id='word_1_143' title='bbox 153 3206 294 3307; x_wconf 89' lang='lat' dir='ltr'><strong>quando</strong></span> <span class='ocrx_word' id='word_1_144' title='bbox 321 3222 419 3279; x_wconf 88' lang='lat' dir='ltr'><strong>tanta</strong></span> <span class='ocrx_word' id='word_1_145' title='bbox 443 3208 520 3280; x_wconf 84' lang='lat' dir='ltr'><strong>faex</strong></span> <span class='ocrx_word' id='word_1_146' title='bbox 545 3223 598 3281; x_wconf 90' lang='lat' dir='ltr'><strong>est</strong></span> <span class='ocrx_word' id='word_1_147' title='bbox 622 3210 657 3280; x_wconf 91' lang='lat' dir='ltr'><strong>in</strong></span> <span class='ocrx_word' id='word_1_148' title='bbox 684 3209 787 3306; x_wconf 82' lang='lat' dir='ltr'><strong>urbe,</strong></span> <span class='ocrx_word' id='word_1_149' title='bbox 803 3224 843 3281; x_wconf 83' lang='lat' dir='ltr'><strong>ut</strong></span> <span class='ocrx_word' id='word_1_150' title='bbox 867 3209 955 3281; x_wconf 90' lang='lat' dir='ltr'><strong>nihil</strong></span> <span class='ocrx_word' id='word_1_151' title='bbox 981 3225 1054 3283; x_wconf 90' lang='lat' dir='ltr'><strong>tam</strong></span> <span class='ocrx_word' id='word_1_152' title='bbox 1077 3210 1116 3282; x_wconf 89' lang='lat' dir='ltr'><strong>sit</strong></span> 
     </span>
     <span class='ocr_line' id='line_1_22' title="bbox 152 3332 1121 3434; baseline 0.002 -30"><span class='ocrx_word' id='word_1_153' title='bbox 152 3340 321 3428; x_wconf 65' lang='grc' dir='ltr'><strong>ἀκύέ-ημαν,</strong></span> <span class='ocrx_word' id='word_1_154' title='bbox 355 3332 451 3434; x_wconf 92' lang='lat' dir='ltr'><strong>quod</strong></span> <span class='ocrx_word' id='word_1_155' title='bbox 482 3361 556 3408; x_wconf 92' lang='lat' dir='ltr'><strong>non</strong></span> <span class='ocrx_word' id='word_1_156' title='bbox 588 3335 690 3407; x_wconf 90' lang='lat' dir='ltr'><strong>alicui</strong></span> <span class='ocrx_word' id='word_1_157' title='bbox 718 3349 904 3408; x_wconf 85' lang='lat' dir='ltr'><strong>venustum</strong></span> <span class='ocrx_word' id='word_1_158' title='bbox 930 3363 1007 3408; x_wconf 91' lang='lat' dir='ltr'><strong>esse</strong></span> <span class='ocrx_word' id='word_1_159' title='bbox 1033 3335 1121 3409; x_wconf 86' lang='lat' dir='ltr'><strong>videa</strong></span> 
     </span>
     <span class='ocr_line' id='line_1_23' title="bbox 153 3460 1121 3558; baseline -0.001 -29"><span class='ocrx_word' id='word_1_160' title='bbox 153 3473 225 3531; x_wconf 87' lang='lat' dir='ltr'><strong>tur:</strong></span> <span class='ocrx_word' id='word_1_161' title='bbox 258 3485 392 3558; x_wconf 83' lang='lat' dir='ltr'><strong>pugna⁷</strong></span> <span class='ocrx_word' id='word_1_162' title='bbox 427 3460 457 3532; x_wconf 91' lang='lat' dir='ltr'><strong>si</strong></span> <span class='ocrx_word' id='word_1_163' title='bbox 489 3487 546 3532; x_wconf 90' lang='lat' dir='ltr'><strong>me</strong></span> <span class='ocrx_word' id='word_1_164' title='bbox 581 3487 692 3558; x_wconf 81' lang='lat' dir='ltr'><strong>amas,</strong></span> <span class='ocrx_word' id='word_1_165' title='bbox 727 3461 794 3532; x_wconf 88' lang='lat' dir='ltr'><strong>nisi</strong></span> <span class='ocrx_word' id='word_1_166' title='bbox 828 3476 929 3534; x_wconf 88' lang='lat' dir='ltr'><strong>acuta</strong></span> <span class='ocrx_word' id='word_1_167' title='bbox 961 3465 1121 3555; x_wconf 66' lang='grc' dir='ltr'><strong>ἀμφιβολία</strong></span> 
     </span>
     <span class='ocr_line' id='line_1_24' title="bbox 153 3584 1121 3687; baseline 0.004 -32"><span class='ocrx_word' id='word_1_168' title='bbox 153 3584 220 3657; x_wconf 91' lang='lat' dir='ltr'><strong>nisi</strong></span> <span class='ocrx_word' id='word_1_169' title='bbox 243 3585 382 3683; x_wconf 86' lang='lat' dir='ltr'><strong>elegans</strong></span> <span class='ocrx_word' id='word_1_170' title='bbox 409 3589 574 3682; x_wconf 71' lang='grc' dir='ltr'>ὑπερβολὴ,</span> <span class='ocrx_word' id='word_1_171' title='bbox 599 3587 666 3659; x_wconf 91' lang='lat' dir='ltr'><strong>nisi</strong></span> <span class='ocrx_word' id='word_1_172' title='bbox 691 3594 899 3682; x_wconf 74' lang='grc' dir='ltr'><strong>παμαίμμαμμα</strong></span> <span class='ocrx_word' id='word_1_173' title='bbox 924 3587 1121 3687; x_wconf 72' lang='lat' dir='ltr'><strong>bellum7nit</strong></span> 
     </span>
    </p>
   </div>
   <div class='ocr_carea' id='block_1_9' title="bbox 152 3706 1121 3943">
    <p class='ocr_par' dir='ltr' id='par_1_9' title="bbox 152 3706 1121 3943">
     <span class='ocr_line' id='line_1_25' title="bbox 152 3706 1121 3815; baseline 0.005 -35"><span class='ocrx_word' id='word_1_174' title='bbox 152 3706 336 3782; x_wconf 79' lang='lat' dir='ltr'><strong>ridiculum</strong></span> <span class='ocrx_word' id='word_1_175' title='bbox 362 3717 444 3809; x_wconf 77' lang='grc' dir='ltr'><em>παρὰ</em></span> <span class='ocrx_word' id='word_1_176' title='bbox 468 3714 661 3808; x_wconf 74' lang='grc' dir='ltr'><em>προσδοκίαν,</em></span> <span class='ocrx_word' id='word_1_177' title='bbox 688 3712 755 3783; x_wconf 87' lang='lat' dir='ltr'><strong>nisi</strong></span> <span class='ocrx_word' id='word_1_178' title='bbox 788 3726 919 3813; x_wconf 77' lang='lat' dir='ltr'><strong>cetera,</strong></span> <span class='ocrx_word' id='word_1_179' title='bbox 932 3735 937 3745; x_wconf 55' lang='lat'>⁸</span> <span class='ocrx_word' id='word_1_180' title='bbox 952 3741 1040 3815; x_wconf 88' lang='lat' dir='ltr'><strong>quae</strong></span> <span class='ocrx_word' id='word_1_181' title='bbox 1066 3735 1121 3785; x_wconf 89' lang='lat' dir='ltr'><strong>sun</strong></span> 
     </span>
     <span class='ocr_line' id='line_1_26' title="bbox 153 3836 1121 3943; baseline 0.002 -36"><span class='ocrx_word' id='word_1_182' title='bbox 153 3861 173 3906; x_wconf 90' lang='lat' dir='ltr'><strong>a</strong></span> <span class='ocrx_word' id='word_1_183' title='bbox 198 3861 255 3909; x_wconf 89' lang='lat' dir='ltr'><strong>me</strong></span> <span class='ocrx_word' id='word_1_184' title='bbox 279 3837 316 3909; x_wconf 92' lang='lat' dir='ltr'><strong>in</strong></span> <span class='ocrx_word' id='word_1_185' title='bbox 341 3838 496 3915; x_wconf 89' lang='lat' dir='ltr'><strong>secundo</strong></span> <span class='ocrx_word' id='word_1_186' title='bbox 528 3838 618 3913; x_wconf 90' lang='lat' dir='ltr'><strong>libro</strong></span> <span class='ocrx_word' id='word_1_187' title='bbox 649 3837 693 3910; x_wconf 90' lang='lat' dir='ltr'><strong>de</strong></span> <span class='ocrx_word' id='word_1_188' title='bbox 720 3840 868 3943; x_wconf 81' lang='lat' dir='ltr'><strong>Oratore</strong></span> <span class='ocrx_word' id='word_1_189' title='bbox 894 3850 983 3940; x_wconf 89' lang='lat' dir='ltr'><strong>[per</strong></span> <span class='ocrx_word' id='word_1_190' title='bbox 1007 3836 1121 3913; x_wconf 69' lang='lat' dir='ltr'><strong>Antoni</strong></span> 
     </span>
    </p>
   </div>
   <div class='ocr_carea' id='block_1_10' title="bbox 0 0 1317 4852">
    <p class='ocr_par' dir='ltr' id='par_1_10' title="bbox 0 0 1317 4852">
     <span class='ocr_line' id='line_1_27' title="bbox 0 0 1317 4852; baseline 0 0"><span class='ocrx_word' id='word_1_191' title='bbox 0 0 1317 4852; x_wconf 95' lang='lat' dir='ltr'><strong> </strong></span> 
     </span>
    </p>
   </div>
  </div>
 </body>
</html>
