2616 4852
175 337 240 412 ¹7²
293 315 296 320 ’
505 329 678 398 srrsrora
704 331 827 377 ccxxii.
944 326 1028 379 tv.
1047 330 1113 392 eq.

218 438 239 508 3
265 438 318 509 De
342 433 472 506 nostris
496 433 600 504 rebus
626 431 724 533 quod
748 433 836 504 scire
863 430 931 504 vis:
957 431 1072 506 Tarso
1096 435 1113 506 P

167 563 221 634 nis
247 559 462 632 Octobribus
487 561 659 631 Amanum
673 558 706 624 tt
723 585 843 631 versus
863 557 1012 657 profecti
1038 585 1113 632 sum

166 689 263 760 Haec
289 686 412 785 scripsi
437 684 608 785 postridie
634 686 707 756 eius
733 684 818 782 diei,
836 680 1113 785 quum'castral

166 813 285 885 berem
310 813 347 882 iu
373 811 465 909 agro
481 810 751 910 Mopsuhestiae.
778 810 814 880 si
840 809 926 910 quid
944 835 1049 907 egero
1057 866 1068 909 7
1084 836 1113 882 st

164 938 247 1012 bam
280 937 326 1010 ad
360 952 416 1034 te3
453 928 566 1038 neque
600 937 745 1009 domum
777 963 944 1038 umquam
976 936 1025 1012 ad
1057 962 1113 1009 me

164 1064 280 1137 literas
298 1065 452 1162 mittam,
472 1064 557 1164 quin
582 1062 770 1161 adiungam
789 1089 866 1161 eas,
883 1089 968 1163 quas
985 1061 1049 1133 tibi
1067 1087 1113 1134 ret

164 1189 277 1282 velim.
294 1192 348 1262 De
364 1190 504 1263 Parthis
523 1189 622 1290 quod
639 1190 793 1290 praesis,
809 1189 913 1260 fuisse
934 1186 1051 1260 nullos
1066 1214 1113 1288 pu

163 1315 318 1414 Ar'abes,
350 1317 410 1417 qui
441 1315 581 1389 firerunt
607 1316 762 1388 admixto
787 1315 953 1389 Parthico
979 1327 1108 1387 ornatu

164 1442 328 1514 dicuntur
354 1467 475 1514 omnes
499 1443 692 1516 revertisse.
725 1444 875 1515 Hostem
899 1466 975 1512 esse
999 1441 1039 1512 iu
1064 1440 1113 1538 Sy

162 1582 293 1666 negant
317 1567 435 1639 ullum.
454 1569 510 1639 Tu
530 1567 636 1639 velim
663 1568 709 1640 ad
733 1594 789 1638 me
815 1593 921 1668 quam
945 1566 1113 1664 saepissiu

163 1708 198 1766 et
224 1693 267 1765 de
294 1695 361 1766 tuis
387 1694 489 1766 rebus
516 1695 666 1794 scribas,
692 1708 728 1790 et
753 1693 797 1765 de
822 1693 926 1791 meis,
943 1706 978 1765 et
996 1692 1042 1764 de
1066 1716 1113 1764 ou

131 1879 135 1890 .
161 1820 212 1892 rei
237 1819 398 1919 publicae
424 1834 525 1892 statu.
561 1823 614 1894 De
641 1846 711 1921 quo
737 1846 814 1892 sum
839 1818 995 1919 solicitus
1022 1843 1064 1890 eo
1090 1843 1113 1889 u

161 1946 230 2042 gis,
256 1945 353 2045 quod
378 1972 420 2017 ex
446 1947 514 2018 tuis
539 1945 647 2018 literis
674 1946 841 2044 cognovi,
866 1945 1077 2045 Pompeium
1101 1969 1113 2016 1

159 2083 270 2167 strum
295 2073 332 2142 in
357 2072 563 2169 Hispaniam
578 2070 611 2137 4⁷
638 2072 777 2145 iturum.
804 2069 902 2144 Vale.

538 2289 754 2390 ‘cuxxur
880 2355 1113 2415 (ausas

156 2491 375 2569 Argumentum.
401 2514 410 2551 1
436 2494 483 2552 De
504 2494 684 2576 Sempronio
698 2495 778 2555 Rufo
794 2496 899 2554 Tuccii
913 2487 1088 2553 accusatore
1107 2513 1113 2548 ι

197 2597 328 2658 lumniae
355 2599 511 2674 damnat03
541 2622 557 2659 2
580 2602 616 2660 de
638 2603 679 2660 M.
709 2601 827 2661 Servilii
855 2603 961 2660 causis.
991 2601 1009 2658 3
1033 2598 1113 2657 Senat

196 2705 331 2766 consulta
361 2706 398 2766 de
425 2710 588 2788 provinciis
617 2708 705 2768 facta.
722 2710 758 2784 ’4
788 2709 927 2788 Pompeii
957 2705 996 2764 de
1024 2704 1113 2767 ¹Caesa

193 2813 357 2890 provinciis
378 2817 531 2874 sententia.
554 2813 573 2873 5
593 2815 752 2874 Postremo
774 2812 922 2895 quaedam
945 2811 1031 2872 addit
1044 2811 1080 2870 de
1096 2830 1113 2870 u

193 2921 331 2997 negotiis.

309 3097 363 3149 Ser.
381 3099 475 3151 Romae
494 3102 524 3150 Α.
544 3101 577 3151 V.
596 3102 624 3152 C.
644 3101 756 3169 DCCM‚
775 3117 861 3152 mense
880 3099 999 3151 Octobri.

358 3270 400 3332 M.
418 3270 582 3335 CAELIVS
600 3274 642 3338 M.
661 3273 848 3357 CICERONI
866 3272 896 3334 S.
913 3271 953 3333 D.

209 3481 220 3524 1
252 3455 329 3527 Etsi
356 3456 400 3529 de
425 3484 462 3531 re
487 3458 662 3558 publica¹
690 3488 779 3562 quae
804 3459 871 3533 tibi
894 3459 1064 3555 scribam,
1087 3454 1113 3525 b:

151 3576 240 3650 beo:
277 3594 396 3656 tamen
427 3585 536 3683 nihil,
569 3586 665 3686 quod
701 3588 811 3684 magis
850 3587 1080 3684 gavisurum²
1108 3591 1113 3647 t

150 3717 274 3800 putem
306 3708 437 3808 habeo,
463 3739 568 3812 quam
592 3712 671 3785 hoc.
699 3713 812 3811 Scito,
841 3713 879 3785 C.
906 3708 1113 3812 Sempronia

151 3827 295 3930 Rufum,
320 3836 447 3911 Rufum
459 3839 485 3935 ³,
502 3838 571 3910 mel
596 3866 637 3913 ac
663 3838 804 3912 delicias
829 3853 906 3912 tuas
913 3894 925 3939 7
941 3835 1113 3910 calumnia
