2616 4852
180 319 249 393 232
510 335 678 385 nntsnons
703 337 860 386 ccxxxvi.
952 333 984 382 Α.
998 337 1034 388 v,
1055 335 1082 382 c.
1099 349 1143 396 7⁰²

479 629 481 632 -
550 563 786 640 CCXXXVI·
882 604 1000 660 (sunu.
1016 602 1089 661 xm,
1102 600 1144 658 σε)

173 752 390 830 Aigtmoentum.
409 745 505 818 Petit,
524 756 558 807 ut
579 745 745 829 Hisponem
765 744 849 804 iuvet
867 743 899 803 in
918 736 1112 824 pactionibus
1129 725 1165 797 ati

213 877 250 916 eo
270 876 328 937 pro
353 856 498 935 magistro
528 855 693 936 scripttuue
718 871 788 914 cum
816 848 990 912 civitatibus
1010 845 1165 928 Bithyniae

212 961 411 1022 conficiendis.

439 1166 492 1219 Sur.
511 1163 640 1219 incilicia
655 1167 685 1219 A.
698 1166 732 1220 V·
742 1167 774 1242 ¹C.
792 1164 895 1220 DCCH.

188 1437 190 1441 ,
297 1363 340 1430 n.
366 1364 402 1429 n.
426 1362 570 1430 stanno
593 1365 627 1429 n.
652 1364 756 1430 suno
780 1341 921 1430 monn.
945 1363 977 1427 s.
999 1361 1039 1426 n.

178 1582 181 1587 ’
218 1582 306 1654 Cum
330 1581 370 1657 P.
394 1580 560 1653 Terentio
585 1577 760 1682 Hispone,
785 1580 844 1681 qui
869 1554 995 1680 operas
1020 1575 1058 1647 in
1083 1574 1160 1646 scri·

143 1721 272 1808 ptura
298 1734 364 1808 pro
390 1708 556 1806 magistro
583 1707 687 1806 dat1,
718 1704 805 1779 mihi
829 1731 965 1779 summa
990 1703 1156 1777 familian-

167 1808 535 1935 tas'consuetudoque
560 1847 629 1932 est3
660 1831 838 1934 multaque
863 1817 1052 1931 etmagna
1073 1829 1153 1937 inter

166 1986 231 2034 uos
250 1960 363 2072 offieia
381 1961 479 2060 paria
497 1974 533 2032 et
548 1973 669 2032 mutua
684 1958 913 2033 intercedunt.
925 1956 1013 2032 Eius
1029 1936 1151 2031 summa

165 2087 375 2160 existimatio
402 2087 515 2184 agitur
539 2088 576 2157 in
601 2111 661 2185 eo,
693 2100 734 2159 ut
764 2087 946 2186 pactiones
971 2110 1055 2157 cum
1080 2084 1150 2159 civi

166 2200 297 2294 ‚tatibus
321 2210 463 2312 reliquis
490 2214 660 2285 conficiat.
693 2211 774 2285 Non
803 2239 859 2284 me
884 2209 1075 2312 praeterit,
1097 2235 1169 2306 nos

165 2345 243 2415 'eam
267 2362 340 2409 rem
365 2335 499 2438 Ephesi
524 2341 686 2438 expertos
712 2363 809 2437 esse,
832 2363 946 2439 neque
972 2337 1019 2411 ab
1043 2336 1150 2438 Ephe-

162 2463 220 2534 siis
238 2443 318 2535 ssullo
344 2463 452 2557 modo
478 2463 665 2564 impetrare
690 2451 855 2563 potuisse,
891 2451 961 2536 sed
989 2463 1149 2564 quand0²

161 2576 634 2690 (quemadmodum'omnes
660 2589 876 2688 existimant,
909 2605 945 2662 et
971 2616 1038 2690 ego
1064 2585 1150 2663 intel·

160 2715 252 2815 ligo)
278 2730 336 2791 tua
359 2743 467 2818 quum
492 2744 626 2789 summa
651 2718 867 2816 integritate,
894 2731 970 2788 tum
997 2715 1150 2816 singulan'

159 2843 375 2920 humanitate
402 2858 437 2916 et
461 2843 729 2916 mansuetudine
755 2856 964 2916 consecutus
984 2870 1039 2942 es,
1059 2857 1100 2916 ut
1120 2841 1150 2914 li

159 2968 372 3042 beatissimis
405 2972 548 3042 Graecis
567 2972 592 3068 ³,
623 2983 734 3068 nutu,
771 2970 867 3070 quod
899 2968 1003 3067 velis,
1039 2993 1150 3042 conse·

160 3110 282 3194 quare:
307 3109 391 3192 peto
418 3121 436 3165 a
462 3109 497 3166 te
523 3097 559 3166 in
584 3096 751 3168 maio‘r'em
776 3096 939 3193 modum,
955 3110 997 3168 ut
1014 3095 1149 3169 honon's

158 3219 228 3291 mei
254 3240 372 3318 causa,
389 3218 455 3291 hac
474 3218 577 3293 laude
594 3220 817 3320 Hisponem4
835 3221 926 3293 affici
944 3220 1041 3295 velis.
1059 3223 1150 3295 Prae·

158 3359 254 3417 terea
280 3369 361 3416 cum
385 3344 488 3418 sociis
513 3347 706 3446 scripturae
732 3345 819 3418 mihi
846 3373 982 3419 summa
1008 3344 1148 3419 necessi·

156 3470 245 3543 tudo
272 3484 342 3569 est,
374 3496 447 3544 non
480 3471 593 3545 solum
626 3472 673 3545 ob
706 3499 784 3546 eam
809 3498 967 3571 causam,
995 3469 1093 3573 quod
1113 3494 1145 3540 ea

156 3598 306 3668 societas
332 3599 492 3671 universa
516 3600 553 3671 in
578 3625 656 3671 mea
681 3599 750 3671 fide
768 3612 837 3697 est,
854 3597 917 3670 sed
935 3600 1041 3670 etiam
1062 3579 1144 3698 quoti

19 3699 21 3703 ¹
55 3718 56 3722 ¹
154 3722 329 3822 plerisque
356 3725 458 3796 sociis
484 3739 564 3805 utor
590 3724 859 3798 familiarissime.
887 3725 940 3795 Ita
968 3738 1005 3795 et
1028 3726 1139 3821 Hispo

153 3874 236 3921 nem
260 3875 378 3922 meum
402 3877 467 3951 per
497 3878 553 3924 me
586 3853 720 3926 ornaris
731 3906 742 3951 ‚
775 3866 811 3924 et
836 3850 1041 3924 societatem
1065 3845 1132 3922 mihi
