<?xml version="1.0" encoding="UTF-8"?>
<!DOCTYPE html PUBLIC "-//W3C//DTD XHTML 1.0 Transitional//EN"
    "http://www.w3.org/TR/xhtml1/DTD/xhtml1-transitional.dtd">
<html xmlns="http://www.w3.org/1999/xhtml" xml:lang="en" lang="en">
 <head>
  <title>
</title>
<meta http-equiv="Content-Type" content="text/html;charset=utf-8" />
  <meta name='ocr-system' content='tesseract 3.04.00' />
  <meta name='ocr-capabilities' content='ocr_page ocr_carea ocr_par ocr_line ocrx_word'/>
</head>
<body>
  <div class='ocr_page' id='page_1' title='image "./mtulliiciceroni02cicegoog_0165.png"; bbox 0 0 2616 4852; ppageno 0'>
   <div class='ocr_carea' id='block_1_1' title="bbox 181 331 1139 437">
    <p class='ocr_par' dir='ltr' id='par_1_1' title="bbox 181 331 1139 437">
     <span class='ocr_line' id='line_1_1' title="bbox 181 331 1139 437; baseline -0.009 -23"><span class='ocrx_word' id='word_1_1' title='bbox 181 344 250 416; x_wconf 79' lang='lat'><strong>160</strong></span> <span class='ocrx_word' id='word_1_2' title='bbox 469 331 472 337; x_wconf 68' lang='grc'><strong>’</strong></span> <span class='ocrx_word' id='word_1_3' title='bbox 507 359 678 410; x_wconf 79' lang='lat' dir='ltr'><strong>misaam</strong></span> <span class='ocrx_word' id='word_1_4' title='bbox 703 361 826 408; x_wconf 80' lang='lat' dir='ltr'><strong>ccxxn.</strong></span> <span class='ocrx_word' id='word_1_5' title='bbox 948 358 1082 437; x_wconf 65' lang='lat' dir='ltr'><strong>nne</strong></span> <span class='ocrx_word' id='word_1_6' title='bbox 1101 374 1139 422; x_wconf 59' lang='grc' dir='ltr'><strong>,ιι</strong></span> 
     </span>
    </p>
   </div>
   <div class='ocr_carea' id='block_1_2' title="bbox 264 584 1079 736">
    <p class='ocr_par' dir='ltr' id='par_1_2' title="bbox 264 584 1079 736">
     <span class='ocr_line' id='line_1_2' title="bbox 264 584 1079 659; baseline -0.009 -15"><span class='ocrx_word' id='word_1_7' title='bbox 264 593 317 644; x_wconf 87' lang='lat' dir='ltr'><strong>Sor.</strong></span> <span class='ocrx_word' id='word_1_8' title='bbox 335 591 361 642; x_wconf 88' lang='lat' dir='ltr'><strong>in</strong></span> <span class='ocrx_word' id='word_1_9' title='bbox 378 590 465 642; x_wconf 79' lang='lat' dir='ltr'><strong>castris</strong></span> <span class='ocrx_word' id='word_1_10' title='bbox 482 589 510 641; x_wconf 91' lang='lat' dir='ltr'><strong>in</strong></span> <span class='ocrx_word' id='word_1_11' title='bbox 528 607 587 658; x_wconf 83' lang='lat' dir='ltr'><strong>agro</strong></span> <span class='ocrx_word' id='word_1_12' title='bbox 605 587 794 659; x_wconf 80' lang='lat' dir='ltr'><strong>Mopsuhestiae</strong></span> <span class='ocrx_word' id='word_1_13' title='bbox 813 587 844 639; x_wconf 81' lang='lat' dir='ltr'><strong>I.</strong></span> <span class='ocrx_word' id='word_1_14' title='bbox 862 585 895 637; x_wconf 89' lang='lat' dir='ltr'><strong>V.</strong></span> <span class='ocrx_word' id='word_1_15' title='bbox 914 584 942 638; x_wconf 89' lang='lat' dir='ltr'><strong>C.</strong></span> <span class='ocrx_word' id='word_1_16' title='bbox 960 584 1059 639; x_wconf 84' lang='lat' dir='ltr'><strong>Dccn</strong></span> <span class='ocrx_word' id='word_1_17' title='bbox 1069 621 1079 650; x_wconf 89' lang='lat'><strong>,</strong></span> 
     </span>
     <span class='ocr_line' id='line_1_3' title="bbox 550 681 798 736; baseline -0.012 -1"><span class='ocrx_word' id='word_1_18' title='bbox 550 684 616 736; x_wconf 85' lang='lat' dir='ltr'>VIII</span> <span class='ocrx_word' id='word_1_19' title='bbox 635 683 674 735; x_wconf 91' lang='lat' dir='ltr'><strong>ld.</strong></span> <span class='ocrx_word' id='word_1_20' title='bbox 693 681 798 735; x_wconf 87' lang='lat' dir='ltr'><strong>Octobr.</strong></span> 
     </span>
    </p>
   </div>
   <div class='ocr_carea' id='block_1_3' title="bbox 191 865 1125 950">
    <p class='ocr_par' dir='ltr' id='par_1_3' title="bbox 191 865 1125 950">
     <span class='ocr_line' id='line_1_4' title="bbox 191 865 1125 950; baseline -0.005 0"><span class='ocrx_word' id='word_1_21' title='bbox 191 889 234 950; x_wconf 86' lang='lat' dir='ltr'><strong>M.</strong></span> <span class='ocrx_word' id='word_1_22' title='bbox 260 887 296 950; x_wconf 85' lang='lat' dir='ltr'><strong>T.</strong></span> <span class='ocrx_word' id='word_1_23' title='bbox 321 883 464 949; x_wconf 86' lang='lat' dir='ltr'>CICERO</span> <span class='ocrx_word' id='word_1_24' title='bbox 489 882 654 948; x_wconf 84' lang='lat' dir='ltr'><strong>PROCOS.</strong></span> <span class='ocrx_word' id='word_1_25' title='bbox 680 881 709 944; x_wconf 89' lang='lat' dir='ltr'><strong>S.</strong></span> <span class='ocrx_word' id='word_1_26' title='bbox 733 881 771 943; x_wconf 90' lang='lat' dir='ltr'><strong>D.</strong></span> <span class='ocrx_word' id='word_1_27' title='bbox 796 879 912 943; x_wconf 87' lang='lat' dir='ltr'>APPIO</span> <span class='ocrx_word' id='word_1_28' title='bbox 937 865 1125 945; x_wconf 82' lang='lat' dir='ltr'>PVLCHRO</span> 
     </span>
    </p>
   </div>
   <div class='ocr_carea' id='block_1_4' title="bbox 74 1094 1140 2459">
    <p class='ocr_par' dir='ltr' id='par_1_4' title="bbox 74 1094 1140 2459">
     <span class='ocr_line' id='line_1_5' title="bbox 224 1094 1139 1198; baseline -0.007 -24"><span class='ocrx_word' id='word_1_29' title='bbox 224 1129 237 1173; x_wconf 89' lang='lat'>1</span> <span class='ocrx_word' id='word_1_30' title='bbox 267 1101 361 1197; x_wconf 88' lang='lat' dir='ltr'><strong>Etsi,</strong></span> <span class='ocrx_word' id='word_1_31' title='bbox 395 1112 564 1198; x_wconf 88' lang='lat' dir='ltr'><strong>quantum</strong></span> <span class='ocrx_word' id='word_1_32' title='bbox 593 1122 635 1169; x_wconf 81' lang='lat' dir='ltr'><strong>ex</strong></span> <span class='ocrx_word' id='word_1_33' title='bbox 660 1096 728 1168; x_wconf 86' lang='lat' dir='ltr'><strong>tuis</strong></span> <span class='ocrx_word' id='word_1_34' title='bbox 752 1094 861 1168; x_wconf 89' lang='lat' dir='ltr'><strong>literis</strong></span> <span class='ocrx_word' id='word_1_35' title='bbox 886 1094 1080 1192; x_wconf 86' lang='lat' dir='ltr'><strong>intelligere</strong></span> <span class='ocrx_word' id='word_1_36' title='bbox 1104 1120 1139 1194; x_wconf 85' lang='lat' dir='ltr'><strong>po</strong></span> 
     </span>
     <span class='ocr_line' id='line_1_6' title="bbox 171 1220 1139 1325; baseline -0.005 -26"><span class='ocrx_word' id='word_1_37' title='bbox 171 1228 245 1325; x_wconf 87' lang='lat' dir='ltr'><strong>tui,</strong></span> <span class='ocrx_word' id='word_1_38' title='bbox 277 1223 462 1322; x_wconf 82' lang='lat' dir='ltr'>videbam,</span> <span class='ocrx_word' id='word_1_39' title='bbox 494 1237 529 1296; x_wconf 89' lang='lat' dir='ltr'><strong>te</strong></span> <span class='ocrx_word' id='word_1_40' title='bbox 558 1221 649 1295; x_wconf 85' lang='lat' dir='ltr'><strong>hanc</strong></span> <span class='ocrx_word' id='word_1_41' title='bbox 678 1220 879 1322; x_wconf 88' lang='lat' dir='ltr'><strong>epistolam,</strong></span> <span class='ocrx_word' id='word_1_42' title='bbox 905 1247 1016 1322; x_wconf 91' lang='lat' dir='ltr'><strong>quum</strong></span> <span class='ocrx_word' id='word_1_43' title='bbox 1040 1220 1088 1293; x_wconf 85' lang='lat' dir='ltr'><strong>ad</strong></span> <span class='ocrx_word' id='word_1_44' title='bbox 1111 1249 1139 1294; x_wconf 91' lang='grc' dir='ltr'><strong>ιιι</strong></span> 
     </span>
     <span class='ocr_line' id='line_1_7' title="bbox 167 1345 1139 1450; baseline -0.005 -24"><span class='ocrx_word' id='word_1_45' title='bbox 167 1354 250 1425; x_wconf 89' lang='lat' dir='ltr'><strong>bem</strong></span> <span class='ocrx_word' id='word_1_46' title='bbox 275 1378 367 1425; x_wconf 92' lang='lat' dir='ltr'><strong>esses</strong></span> <span class='ocrx_word' id='word_1_47' title='bbox 384 1367 410 1450; x_wconf 81' lang='lat'><strong>²,</strong></span> <span class='ocrx_word' id='word_1_48' title='bbox 435 1376 509 1423; x_wconf 93' lang='lat' dir='ltr'><strong>esse</strong></span> <span class='ocrx_word' id='word_1_49' title='bbox 534 1348 722 1448; x_wconf 85' lang='lat' dir='ltr'><strong>lecturum,</strong></span> <span class='ocrx_word' id='word_1_50' title='bbox 747 1347 946 1445; x_wconf 81' lang='lat' dir='ltr'><strong>refrigerato</strong></span> <span class='ocrx_word' id='word_1_51' title='bbox 972 1349 1044 1420; x_wconf 87' lang='lat' dir='ltr'><strong>iam</strong></span> <span class='ocrx_word' id='word_1_52' title='bbox 1069 1345 1139 1421; x_wconf 70' lang='lat' dir='ltr'><strong>levir</strong></span> 
     </span>
     <span class='ocr_line' id='line_1_8' title="bbox 167 1473 1139 1576; baseline -0.004 -25"><span class='ocrx_word' id='word_1_53' title='bbox 167 1480 256 1552; x_wconf 89' lang='lat' dir='ltr'><strong>simo</strong></span> <span class='ocrx_word' id='word_1_54' title='bbox 291 1503 450 1552; x_wconf 86' lang='lat' dir='ltr'>sermone</span> <span class='ocrx_word' id='word_1_55' title='bbox 486 1476 668 1549; x_wconf 86' lang='lat' dir='ltr'><strong>hominum</strong></span> <span class='ocrx_word' id='word_1_56' title='bbox 700 1473 971 1576; x_wconf 86' lang='lat' dir='ltr'><strong>provincialium</strong></span> <span class='ocrx_word' id='word_1_57' title='bbox 983 1502 1002 1573; x_wconf 75' lang='lat'><strong>3.</strong></span> <span class='ocrx_word' id='word_1_58' title='bbox 1026 1488 1139 1556; x_wconf 86' lang='lat' dir='ltr'><strong>tamen</strong></span> 
     </span>
     <span class='ocr_line' id='line_1_9' title="bbox 74 1599 1139 1708; baseline -0.004 -29"><span class='ocrx_word' id='word_1_59' title='bbox 74 1643 77 1649; x_wconf 92' lang='lat'>·</span> <span class='ocrx_word' id='word_1_60' title='bbox 166 1632 275 1708; x_wconf 91' lang='lat' dir='ltr'><strong>quum</strong></span> <span class='ocrx_word' id='word_1_61' title='bbox 300 1620 338 1679; x_wconf 85' lang='lat' dir='ltr'><strong>tu</strong></span> <span class='ocrx_word' id='word_1_62' title='bbox 364 1619 437 1676; x_wconf 84' lang='lat' dir='ltr'><strong>tam</strong></span> <span class='ocrx_word' id='word_1_63' title='bbox 470 1602 587 1675; x_wconf 88' lang='lat' dir='ltr'><strong>multis</strong></span> <span class='ocrx_word' id='word_1_64' title='bbox 620 1601 735 1676; x_wconf 88' lang='lat' dir='ltr'><strong>verbis</strong></span> <span class='ocrx_word' id='word_1_65' title='bbox 761 1600 807 1674; x_wconf 90' lang='lat' dir='ltr'><strong>ad</strong></span> <span class='ocrx_word' id='word_1_66' title='bbox 833 1628 889 1673; x_wconf 90' lang='lat' dir='ltr'><strong>me</strong></span> <span class='ocrx_word' id='word_1_67' title='bbox 917 1600 961 1673; x_wconf 88' lang='lat' dir='ltr'><strong>de</strong></span> <span class='ocrx_word' id='word_1_68' title='bbox 988 1599 1139 1702; x_wconf 83' lang='lat' dir='ltr'><strong>improbo</strong></span> 
     </span>
     <span class='ocr_line' id='line_1_10' title="bbox 166 1712 1139 1830; baseline -0.006 -25"><span class='ocrx_word' id='word_1_69' title='bbox 166 1759 244 1805; x_wconf 91' lang='lat' dir='ltr'><strong>rum</strong></span> <span class='ocrx_word' id='word_1_70' title='bbox 272 1733 429 1805; x_wconf 88' lang='lat' dir='ltr'><strong>oratione</strong></span> <span class='ocrx_word' id='word_1_71' title='bbox 455 1731 667 1830; x_wconf 75' lang='lat' dir='ltr'><strong>scripsisses,</strong></span> <span class='ocrx_word' id='word_1_72' title='bbox 693 1712 890 1801; x_wconf 68' lang='lat' dir='ltr'><strong>facilendum</strong></span> <span class='ocrx_word' id='word_1_73' title='bbox 915 1728 1002 1800; x_wconf 92' lang='lat' dir='ltr'><strong>mihi</strong></span> <span class='ocrx_word' id='word_1_74' title='bbox 1027 1728 1139 1828; x_wconf 84' lang='lat' dir='ltr'><strong>putavi</strong></span> 
     </span>
     <span class='ocr_line' id='line_1_11' title="bbox 164 1853 1139 1955; baseline -0.005 -25"><span class='ocrx_word' id='word_1_75' title='bbox 164 1874 204 1931; x_wconf 90' lang='lat' dir='ltr'><strong>ut</strong></span> <span class='ocrx_word' id='word_1_76' title='bbox 229 1860 297 1931; x_wconf 93' lang='lat' dir='ltr'><strong>tuis</strong></span> <span class='ocrx_word' id='word_1_77' title='bbox 322 1856 432 1929; x_wconf 87' lang='lat' dir='ltr'><strong>literis</strong></span> <span class='ocrx_word' id='word_1_78' title='bbox 456 1856 557 1930; x_wconf 90' lang='lat' dir='ltr'><strong>brevi</strong></span> <span class='ocrx_word' id='word_1_79' title='bbox 580 1853 838 1955; x_wconf 84' lang='lat' dir='ltr'><strong>responderem.</strong></span> <span class='ocrx_word' id='word_1_80' title='bbox 866 1854 936 1926; x_wconf 89' lang='lat' dir='ltr'><strong>Sed</strong></span> <span class='ocrx_word' id='word_1_81' title='bbox 960 1855 1076 1955; x_wconf 88' lang='lat' dir='ltr'><strong>prima</strong></span> <span class='ocrx_word' id='word_1_82' title='bbox 1096 1853 1139 1927; x_wconf 90' lang='lat' dir='ltr'><strong>du</strong></span> 
     </span>
     <span class='ocr_line' id='line_1_12' title="bbox 128 1979 1140 2084; baseline -0.005 -26"><span class='ocrx_word' id='word_1_83' title='bbox 128 2044 132 2048; x_wconf 86' lang='lat'><strong>.</strong></span> <span class='ocrx_word' id='word_1_84' title='bbox 164 1985 278 2084; x_wconf 88' lang='lat' dir='ltr'><strong>capita</strong></span> <span class='ocrx_word' id='word_1_85' title='bbox 305 1982 474 2083; x_wconf 89' lang='lat' dir='ltr'><strong>epistolae</strong></span> <span class='ocrx_word' id='word_1_86' title='bbox 507 1997 586 2054; x_wconf 88' lang='lat' dir='ltr'><strong>tuae</strong></span> <span class='ocrx_word' id='word_1_87' title='bbox 617 1983 755 2054; x_wconf 83' lang='lat' dir='ltr'><strong>taeita³</strong></span> <span class='ocrx_word' id='word_1_88' title='bbox 789 1981 874 2052; x_wconf 88' lang='lat' dir='ltr'><strong>mihi</strong></span> <span class='ocrx_word' id='word_1_89' title='bbox 901 1979 1140 2082; x_wconf 89' lang='lat' dir='ltr'><strong>quodammod</strong></span> 
     </span>
     <span class='ocr_line' id='line_1_13' title="bbox 162 2106 1139 2210; baseline -0.004 -26"><span class='ocrx_word' id='word_1_90' title='bbox 162 2108 393 2210; x_wconf 87' lang='lat' dir='ltr'><strong>relinquenda</strong></span> <span class='ocrx_word' id='word_1_91' title='bbox 426 2122 517 2180; x_wconf 89' lang='lat' dir='ltr'><strong>sunt.</strong></span> <span class='ocrx_word' id='word_1_92' title='bbox 553 2106 649 2182; x_wconf 90' lang='lat' dir='ltr'><strong>Nihil</strong></span> <span class='ocrx_word' id='word_1_93' title='bbox 682 2109 775 2181; x_wconf 88' lang='lat' dir='ltr'><strong>enim</strong></span> <span class='ocrx_word' id='word_1_94' title='bbox 800 2107 953 2207; x_wconf 89' lang='lat' dir='ltr'><strong>habent,</strong></span> <span class='ocrx_word' id='word_1_95' title='bbox 984 2107 1082 2209; x_wconf 93' lang='lat' dir='ltr'><strong>quod</strong></span> <span class='ocrx_word' id='word_1_96' title='bbox 1106 2134 1139 2181; x_wconf 84' lang='lat' dir='ltr'><strong>au</strong></span> 
     </span>
     <span class='ocr_line' id='line_1_14' title="bbox 164 2234 1139 2333; baseline 0 -25"><span class='ocrx_word' id='word_1_97' title='bbox 164 2235 348 2308; x_wconf 86' lang='lat' dir='ltr'><strong>definitum</strong></span> <span class='ocrx_word' id='word_1_98' title='bbox 374 2236 435 2333; x_wconf 92' lang='lat' dir='ltr'><strong>sit,</strong></span> <span class='ocrx_word' id='word_1_99' title='bbox 472 2249 532 2306; x_wconf 90' lang='lat' dir='ltr'><strong>aut</strong></span> <span class='ocrx_word' id='word_1_100' title='bbox 565 2247 716 2333; x_wconf 86' lang='lat' dir='ltr'><strong>certum,</strong></span> <span class='ocrx_word' id='word_1_101' title='bbox 746 2234 814 2306; x_wconf 92' lang='lat' dir='ltr'><strong>nisi</strong></span> <span class='ocrx_word' id='word_1_102' title='bbox 842 2261 898 2306; x_wconf 91' lang='lat' dir='ltr'><strong>me</strong></span> <span class='ocrx_word' id='word_1_103' title='bbox 924 2234 1025 2307; x_wconf 85' lang='lat' dir='ltr'><strong>vultu</strong></span> <span class='ocrx_word' id='word_1_104' title='bbox 1052 2247 1139 2308; x_wconf 85' lang='lat' dir='ltr'><strong>etta</strong></span> 
     </span>
     <span class='ocr_line' id='line_1_15' title="bbox 162 2359 1139 2459; baseline 0 -25"><span class='ocrx_word' id='word_1_105' title='bbox 162 2360 395 2435; x_wconf 76' lang='lat' dir='ltr'><strong>citurnitatel</strong></span> <span class='ocrx_word' id='word_1_106' title='bbox 426 2362 659 2459; x_wconf 86' lang='lat' dir='ltr'><strong>significasse,</strong></span> <span class='ocrx_word' id='word_1_107' title='bbox 696 2359 761 2432; x_wconf 92' lang='lat' dir='ltr'><strong>tibi</strong></span> <span class='ocrx_word' id='word_1_108' title='bbox 791 2385 866 2433; x_wconf 92' lang='lat' dir='ltr'><strong>non</strong></span> <span class='ocrx_word' id='word_1_109' title='bbox 890 2387 966 2434; x_wconf 88' lang='lat' dir='ltr'><strong>esse</strong></span> <span class='ocrx_word' id='word_1_110' title='bbox 992 2362 1139 2437; x_wconf 88' lang='lat' dir='ltr'><strong>amicum</strong></span> 
     </span>
    </p>
   </div>
   <div class='ocr_carea' id='block_1_5' title="bbox 107 2477 1139 2713">
    <p class='ocr_par' dir='ltr' id='par_1_5' title="bbox 107 2477 1139 2713">
     <span class='ocr_line' id='line_1_16' title="bbox 107 2477 1139 2590; baseline 0.003 -31"><span class='ocrx_word' id='word_1_111' title='bbox 107 2477 109 2481; x_wconf 42' lang='grc'>’</span> <span class='ocrx_word' id='word_1_112' title='bbox 161 2487 267 2589; x_wconf 91' lang='lat' dir='ltr'><strong>idque</strong></span> <span class='ocrx_word' id='word_1_113' title='bbox 300 2515 365 2587; x_wconf 89' lang='lat' dir='ltr'><strong>pro</strong></span> <span class='ocrx_word' id='word_1_114' title='bbox 398 2487 581 2587; x_wconf 87' lang='lat' dir='ltr'><strong>tribunali,</strong></span> <span class='ocrx_word' id='word_1_115' title='bbox 616 2515 723 2590; x_wconf 91' lang='lat' dir='ltr'><strong>quum</strong></span> <span class='ocrx_word' id='word_1_116' title='bbox 757 2487 888 2589; x_wconf 89' lang='lat' dir='ltr'><strong>aliquid</strong></span> <span class='ocrx_word' id='word_1_117' title='bbox 917 2503 1097 2588; x_wconf 83' lang='lat' dir='ltr'><strong>ageretur,</strong></span> <span class='ocrx_word' id='word_1_118' title='bbox 1126 2514 1139 2561; x_wconf 79' lang='grc' dir='ltr'>ε</span> 
     </span>
     <span class='ocr_line' id='line_1_17' title="bbox 159 2613 1139 2713; baseline -0.001 -24"><span class='ocrx_word' id='word_1_119' title='bbox 159 2613 336 2690; x_wconf 86' lang='lat' dir='ltr'><strong>nonnullis</strong></span> <span class='ocrx_word' id='word_1_120' title='bbox 363 2615 399 2686; x_wconf 93' lang='lat' dir='ltr'><strong>in</strong></span> <span class='ocrx_word' id='word_1_121' title='bbox 426 2616 597 2688; x_wconf 91' lang='lat' dir='ltr'><strong>conviviis</strong></span> <span class='ocrx_word' id='word_1_122' title='bbox 629 2613 775 2711; x_wconf 80' lang='lat' dir='ltr'><strong>intelligi</strong></span> <span class='ocrx_word' id='word_1_123' title='bbox 807 2615 974 2713; x_wconf 85' lang='lat' dir='ltr'><strong>potuisse.</strong></span> <span class='ocrx_word' id='word_1_124' title='bbox 1003 2615 1139 2689; x_wconf 84' lang='lat' dir='ltr'><strong>Hoetu</strong></span> 
     </span>
    </p>
   </div>
   <div class='ocr_carea' id='block_1_6' title="bbox 48 2739 1139 3728">
    <p class='ocr_par' dir='ltr' id='par_1_6' title="bbox 48 2739 1139 3728">
     <span class='ocr_line' id='line_1_18' title="bbox 111 2739 1139 2843; baseline 0.003 -31"><span class='ocrx_word' id='word_1_125' title='bbox 111 2789 112 2792; x_wconf 57' lang='lat'><em>=</em></span> <span class='ocrx_word' id='word_1_126' title='bbox 157 2755 234 2814; x_wconf 91' lang='lat' dir='ltr'><strong>tum</strong></span> <span class='ocrx_word' id='word_1_127' title='bbox 259 2740 346 2813; x_wconf 91' lang='lat' dir='ltr'><strong>nihil</strong></span> <span class='ocrx_word' id='word_1_128' title='bbox 372 2767 464 2840; x_wconf 89' lang='lat' dir='ltr'><strong>esse,</strong></span> <span class='ocrx_word' id='word_1_129' title='bbox 490 2767 634 2840; x_wconf 89' lang='lat' dir='ltr'><strong>possum</strong></span> <span class='ocrx_word' id='word_1_130' title='bbox 660 2739 868 2838; x_wconf 84' lang='lat' dir='ltr'><strong>intelligere:</strong></span> <span class='ocrx_word' id='word_1_131' title='bbox 896 2741 968 2814; x_wconf 66' lang='lat' dir='ltr'><strong>sed⁴</strong></span> <span class='ocrx_word' id='word_1_132' title='bbox 984 2768 1095 2843; x_wconf 90' lang='lat' dir='ltr'><strong>quum</strong></span> <span class='ocrx_word' id='word_1_133' title='bbox 1117 2741 1139 2815; x_wconf 81' lang='lat' dir='ltr'><strong>sl</strong></span> 
     </span>
     <span class='ocr_line' id='line_1_19' title="bbox 157 2866 1139 2971; baseline 0.006 -33"><span class='ocrx_word' id='word_1_134' title='bbox 157 2867 263 2966; x_wconf 88' lang='lat' dir='ltr'><strong>nihil,</strong></span> <span class='ocrx_word' id='word_1_135' title='bbox 287 2895 332 2940; x_wconf 91' lang='lat' dir='ltr'><strong>ne</strong></span> <span class='ocrx_word' id='word_1_136' title='bbox 360 2869 445 2969; x_wconf 90' lang='lat' dir='ltr'><strong>quid</strong></span> <span class='ocrx_word' id='word_1_137' title='bbox 471 2868 607 2941; x_wconf 83' lang='lat' dir='ltr'><strong>dicatur</strong></span> <span class='ocrx_word' id='word_1_138' title='bbox 632 2867 775 2969; x_wconf 89' lang='lat' dir='ltr'><strong>quidem</strong></span> <span class='ocrx_word' id='word_1_139' title='bbox 793 2866 960 2967; x_wconf 86' lang='lat' dir='ltr'><strong>intelligo.</strong></span> <span class='ocrx_word' id='word_1_140' title='bbox 977 2869 1072 2944; x_wconf 90' lang='lat' dir='ltr'><strong>Illud</strong></span> <span class='ocrx_word' id='word_1_141' title='bbox 1089 2870 1139 2971; x_wconf 72' lang='lat' dir='ltr'><strong>qui¹</strong></span> 
     </span>
     <span class='ocr_line' id='line_1_20' title="bbox 156 2993 1139 3096; baseline 0.003 -33"><span class='ocrx_word' id='word_1_142' title='bbox 156 2993 238 3064; x_wconf 88' lang='lat' dir='ltr'><strong>dem</strong></span> <span class='ocrx_word' id='word_1_143' title='bbox 263 2995 335 3067; x_wconf 87' lang='lat' dir='ltr'><strong>scio</strong></span> <span class='ocrx_word' id='word_1_144' title='bbox 351 2997 376 3092; x_wconf 86' lang='lat'><strong>⁵,</strong></span> <span class='ocrx_word' id='word_1_145' title='bbox 402 3022 498 3068; x_wconf 89' lang='lat' dir='ltr'><strong>meos</strong></span> <span class='ocrx_word' id='word_1_146' title='bbox 523 2995 654 3068; x_wconf 89' lang='lat' dir='ltr'><strong>multos</strong></span> <span class='ocrx_word' id='word_1_147' title='bbox 681 3010 716 3067; x_wconf 88' lang='lat' dir='ltr'><strong>et</strong></span> <span class='ocrx_word' id='word_1_148' title='bbox 740 2995 905 3095; x_wconf 71' lang='lat' dir='ltr'><strong>illustres,</strong></span> <span class='ocrx_word' id='word_1_149' title='bbox 931 3010 966 3068; x_wconf 89' lang='lat' dir='ltr'><strong>et</strong></span> <span class='ocrx_word' id='word_1_150' title='bbox 992 3023 1035 3069; x_wconf 83' lang='lat' dir='ltr'><strong>ex</strong></span> <span class='ocrx_word' id='word_1_151' title='bbox 1060 3021 1139 3096; x_wconf 83' lang='lat' dir='ltr'><strong>supe</strong></span> 
     </span>
     <span class='ocr_line' id='line_1_21' title="bbox 156 3120 1139 3221; baseline 0.001 -31"><span class='ocrx_word' id='word_1_152' title='bbox 156 3120 246 3190; x_wconf 89' lang='lat' dir='ltr'><strong>riore</strong></span> <span class='ocrx_word' id='word_1_153' title='bbox 264 3133 299 3191; x_wconf 88' lang='lat' dir='ltr'><strong>et</strong></span> <span class='ocrx_word' id='word_1_154' title='bbox 317 3145 359 3190; x_wconf 87' lang='lat' dir='ltr'><strong>ex</strong></span> <span class='ocrx_word' id='word_1_155' title='bbox 385 3146 495 3221; x_wconf 86' lang='lat' dir='ltr'><strong>aequo</strong></span> <span class='ocrx_word' id='word_1_156' title='bbox 520 3121 602 3194; x_wconf 88' lang='lat' dir='ltr'><strong>loco</strong></span> <span class='ocrx_word' id='word_1_157' title='bbox 628 3148 807 3196; x_wconf 88' lang='lat' dir='ltr'><strong>sermones</strong></span> <span class='ocrx_word' id='word_1_158' title='bbox 832 3122 973 3195; x_wconf 90' lang='lat' dir='ltr'><strong>habitos</strong></span> <span class='ocrx_word' id='word_1_159' title='bbox 1001 3149 1084 3195; x_wconf 92' lang='lat' dir='ltr'><strong>cum</strong></span> <span class='ocrx_word' id='word_1_160' title='bbox 1099 3136 1139 3193; x_wconf 61' lang='lat' dir='ltr'><strong>tu.</strong></span> 
     </span>
     <span class='ocr_line' id='line_1_22' title="bbox 156 3227 1139 3348; baseline 0.007 -34"><span class='ocrx_word' id='word_1_161' title='bbox 156 3227 291 3317; x_wconf 86' lang='lat' dir='ltr'><strong>summa</strong></span> <span class='ocrx_word' id='word_1_162' title='bbox 323 3244 444 3345; x_wconf 85' lang='lat' dir='ltr'><strong>laude,</strong></span> <span class='ocrx_word' id='word_1_163' title='bbox 478 3262 513 3319; x_wconf 88' lang='lat' dir='ltr'><strong>et</strong></span> <span class='ocrx_word' id='word_1_164' title='bbox 547 3275 627 3320; x_wconf 91' lang='lat' dir='ltr'><strong>cum</strong></span> <span class='ocrx_word' id='word_1_165' title='bbox 659 3276 786 3347; x_wconf 86' lang='lat' dir='ltr'><strong>magna</strong></span> <span class='ocrx_word' id='word_1_166' title='bbox 816 3251 1070 3348; x_wconf 84' lang='lat' dir='ltr'><strong>significatione</strong></span> <span class='ocrx_word' id='word_1_167' title='bbox 1096 3274 1139 3321; x_wconf 93' lang='lat' dir='ltr'><strong>no</strong></span> 
     </span>
     <span class='ocr_line' id='line_1_23' title="bbox 156 3370 1139 3477; baseline 0.007 -36"><span class='ocrx_word' id='word_1_168' title='bbox 156 3383 247 3442; x_wconf 86' lang='lat' dir='ltr'><strong>strae</strong></span> <span class='ocrx_word' id='word_1_169' title='bbox 273 3370 535 3473; x_wconf 82' lang='lat' dir='ltr'><strong>familiaritatis,</strong></span> <span class='ocrx_word' id='word_1_170' title='bbox 572 3375 618 3446; x_wconf 89' lang='lat' dir='ltr'><strong>ad</strong></span> <span class='ocrx_word' id='word_1_171' title='bbox 650 3390 684 3448; x_wconf 86' lang='lat' dir='ltr'><strong>te</strong></span> <span class='ocrx_word' id='word_1_172' title='bbox 717 3403 799 3450; x_wconf 87' lang='lat' dir='ltr'><strong>vere</strong></span> <span class='ocrx_word' id='word_1_173' title='bbox 833 3378 991 3477; x_wconf 87' lang='lat' dir='ltr'><strong>potuisse</strong></span> <span class='ocrx_word' id='word_1_174' title='bbox 1026 3376 1139 3448; x_wconf 73' lang='lat' dir='ltr'><strong>deletu¹</strong></span> 
     </span>
     <span class='ocr_line' id='line_1_24' title="bbox 48 3493 1139 3608; baseline 0.005 -42"><span class='ocrx_word' id='word_1_175' title='bbox 48 3550 51 3555; x_wconf 83' lang='lat'><strong>.</strong></span> <span class='ocrx_word' id='word_1_176' title='bbox 157 3493 269 3595; x_wconf 89' lang='lat' dir='ltr'><strong>Nam,</strong></span> <span class='ocrx_word' id='word_1_177' title='bbox 303 3497 399 3597; x_wconf 85' lang='lat' dir='ltr'><strong>q&#39;uod</strong></span> <span class='ocrx_word' id='word_1_178' title='bbox 429 3498 474 3571; x_wconf 92' lang='lat' dir='ltr'><strong>ad</strong></span> <span class='ocrx_word' id='word_1_179' title='bbox 498 3499 631 3598; x_wconf 86' lang='lat' dir='ltr'><strong>legatos</strong></span> <span class='ocrx_word' id='word_1_180' title='bbox 652 3503 811 3608; x_wconf 70' lang='lat' dir='ltr'><strong>attinet,</strong></span> <span class='ocrx_word' id='word_1_181' title='bbox 845 3502 976 3603; x_wconf 91' lang='lat' dir='ltr'><strong>quida</strong></span> <span class='ocrx_word' id='word_1_182' title='bbox 1004 3528 1061 3574; x_wconf 89' lang='lat' dir='ltr'><strong>me</strong></span> <span class='ocrx_word' id='word_1_183' title='bbox 1086 3503 1139 3572; x_wconf 86' lang='lat' dir='ltr'><strong>fier</strong></span> 
     </span>
     <span class='ocr_line' id='line_1_25' title="bbox 155 3623 1139 3728; baseline 0.007 -37"><span class='ocrx_word' id='word_1_184' title='bbox 155 3623 272 3720; x_wconf 85' lang='lat' dir='ltr'><strong>potuit</strong></span> <span class='ocrx_word' id='word_1_185' title='bbox 298 3636 357 3694; x_wconf 90' lang='lat' dir='ltr'><strong>aut</strong></span> <span class='ocrx_word' id='word_1_186' title='bbox 383 3624 586 3724; x_wconf 87' lang='lat' dir='ltr'><strong>elegantius,</strong></span> <span class='ocrx_word' id='word_1_187' title='bbox 616 3642 676 3700; x_wconf 87' lang='lat' dir='ltr'><strong>aut</strong></span> <span class='ocrx_word' id='word_1_188' title='bbox 702 3630 842 3726; x_wconf 87' lang='lat' dir='ltr'><strong>iustius,</strong></span> <span class='ocrx_word' id='word_1_189' title='bbox 866 3654 972 3728; x_wconf 86' lang='lat' dir='ltr'><strong>quarn</strong></span> <span class='ocrx_word' id='word_1_190' title='bbox 1000 3641 1038 3699; x_wconf 95' lang='lat' dir='ltr'><strong>ut</strong></span> <span class='ocrx_word' id='word_1_191' title='bbox 1065 3652 1139 3699; x_wconf 89' lang='lat' dir='ltr'><strong>sum</strong></span> 
     </span>
    </p>
   </div>
   <div class='ocr_carea' id='block_1_7' title="bbox 28 3749 1139 3853">
    <p class='ocr_par' dir='ltr' id='par_1_7' title="bbox 28 3749 1139 3853">
     <span class='ocr_line' id='line_1_26' title="bbox 28 3749 1139 3853; baseline 0.005 -35"><span class='ocrx_word' id='word_1_192' title='bbox 28 3749 33 3754; x_wconf 73' lang='grc'><strong><em>’</em></strong></span> <span class='ocrx_word' id='word_1_193' title='bbox 154 3761 209 3820; x_wconf 85' lang='lat' dir='ltr'><strong>tus</strong></span> <span class='ocrx_word' id='word_1_194' title='bbox 237 3751 535 3847; x_wconf 88' lang='lat' dir='ltr'><strong>egentissimarum</strong></span> <span class='ocrx_word' id='word_1_195' title='bbox 561 3755 742 3828; x_wconf 85' lang='lat' dir='ltr'><strong>civitatum</strong></span> <span class='ocrx_word' id='word_1_196' title='bbox 767 3756 976 3853; x_wconf 85' lang='lat' dir='ltr'><strong>minuerem,</strong></span> <span class='ocrx_word' id='word_1_197' title='bbox 995 3755 1070 3826; x_wconf 90' lang='lat' dir='ltr'><strong>sine</strong></span> <span class='ocrx_word' id='word_1_198' title='bbox 1087 3751 1139 3824; x_wconf 89' lang='lat' dir='ltr'><strong>ull</strong></span> 
     </span>
    </p>
   </div>
   <div class='ocr_carea' id='block_1_8' title="bbox 152 3875 1138 3981">
    <p class='ocr_par' dir='ltr' id='par_1_8' title="bbox 152 3875 1138 3981">
     <span class='ocr_line' id='line_1_27' title="bbox 152 3875 1138 3981; baseline 0.007 -37"><span class='ocrx_word' id='word_1_199' title='bbox 152 3875 394 3949; x_wconf 82' lang='lat' dir='ltr'><strong>imminutione</strong></span> <span class='ocrx_word' id='word_1_200' title='bbox 422 3877 600 3975; x_wconf 87' lang='lat' dir='ltr'><strong>dignitatis</strong></span> <span class='ocrx_word' id='word_1_201' title='bbox 626 3895 724 3980; x_wconf 86' lang='lat' dir='ltr'><strong>tuae,</strong></span> <span class='ocrx_word' id='word_1_202' title='bbox 758 3883 961 3981; x_wconf 87' lang='lat' dir='ltr'><strong>praesertim</strong></span> <span class='ocrx_word' id='word_1_203' title='bbox 996 3881 1080 3980; x_wconf 92' lang='lat' dir='ltr'><strong>ipsis</strong></span> <span class='ocrx_word' id='word_1_204' title='bbox 1103 3905 1138 3951; x_wconf 73' lang='grc' dir='ltr'><em>α</em></span> 
     </span>
    </p>
   </div>
   <div class='ocr_carea' id='block_1_9' title="bbox 0 0 1312 4852">
    <p class='ocr_par' dir='ltr' id='par_1_9' title="bbox 0 0 1312 4852">
     <span class='ocr_line' id='line_1_28' title="bbox 0 0 1312 4852; baseline 0 3"><span class='ocrx_word' id='word_1_205' title='bbox 0 0 1312 4852; x_wconf 95' lang='lat' dir='ltr'><strong> </strong></span> 
     </span>
    </p>
   </div>
  </div>
 </body>
</html>
