2616 4852
152 344 223 415 282
408 352 580 404 rrrsrona
606 354 742 425 ccxciv,
767 351 887 398 ccxcv.
934 346 966 394 Α.
985 348 1019 396 v.
1037 347 1064 393 c.
1081 348 1127 408 7⁰³·

147 492 257 568 quam
282 456 318 534 in
344 474 481 560 partem
500 473 536 529 tu
555 457 725 556 accipias,
741 454 858 552 minos
875 450 1043 523 laborem.
1062 451 1133 523 Ilaec

152 593 197 664 ad
215 605 250 662 te
268 589 390 688 scripsi
411 586 554 658 liberius
564 640 575 683 ,
591 583 699 656 fretus
719 579 933 654 conscientia
952 577 1058 650 officii
1074 578 1131 648 urei

151 714 495 814 lienivolentiaeque:
523 738 629 813 quam
656 736 675 781 a
702 735 759 780 me
786 721 883 780 certo
909 705 1041 777 iudicio
1055 719 1083 770 ²⁷
1101 730 1133 776 su

43 824 47 833 ⁸
151 859 326 946 sceptam,
351 839 469 949 quoad
495 854 533 910 tu
560 837 675 936 voles,
701 833 930 910 conservabo.
956 829 1055 904 Vale.

571 1091 745 1167 CCXLV.
896 1130 955 1188 <aa
971 1128 1023 1172 na.
1040 1078 1073 1183 n,
1089 1125 1129 1182 ιι.)

151 1276 370 1356 Argumentum.
388 1293 398 1332 1
417 1272 458 1333 M.
473 1269 563 1331 Fabii
578 1268 656 1330 Galli
676 1269 835 1349 negotium
849 1265 888 1326 de
901 1262 998 1324 fundo
1015 1261 1133 1321 Hercula

189 1383 275 1442 nensi
289 1379 495 1453 commendam
511 1399 528 1438 2
542 1378 580 1438 de
593 1375 719 1436 urbanis
735 1373 825 1436 rebus
835 1373 929 1434 Caelii
943 1372 1044 1433 literas
1058 1388 1133 1450 exspr

193 1499 275 1550 ctare
295 1498 327 1549 'se
349 1485 509 1569 significat.

299 1695 353 1746 Ser.
372 1692 513 1746 Laodiceae
532 1694 561 1744 Α.
580 1691 614 1742 V.
634 1691 663 1744 C.
682 1688 808 1756 DCCIII,
827 1704 914 1741 mense
933 1687 1012 1740 Febr.

230 1900 274 1964 Μ.
299 1900 335 1962 Τ.
362 1899 396 1963 C.
422 1899 505 1962 IMP.
530 1898 574 1961 M.
601 1897 746 1960 CAELIO
771 1893 908 1958 AEDILI
933 1839 1080 1958 cvuvtl

537 2020 541 2026 ’
617 2015 647 2080 S.
671 2015 709 2078 D.

207 2259 220 2305 1
250 2233 329 2304 M.¹
356 2229 488 2328 Fabio,
513 2231 592 2302 viro
620 2231 757 2330 optimo
789 2242 824 2301 et
861 2227 1007 2302 homine
1034 2227 1133 2301 docti

152 2358 260 2456 simo,
284 2355 551 2429 familiarissime
577 2369 677 2455 utor,
694 2356 908 2457 mirificeque
934 2382 1017 2428 eum
1042 2354 1133 2452 dilige

152 2510 262 2584 quum
289 2497 437 2583 propter
461 2509 635 2557 summurn
663 2483 841 2581 ingenium
867 2483 956 2580 eius,
974 2504 1133 2555 summan

153 2636 221 2711 que
256 2609 476 2710 doctrinam,
509 2624 585 2683 turn
619 2625 767 2710 propter
800 2608 1013 2707 singularem
1040 2603 1132 2680 moda

152 2738 265 2810 stiam.
290 2738 377 2811 Eius
391 2739 617 2835 ,negotium2
643 2738 693 2809 sic
721 2735 826 2810 velim
852 2737 1040 2835 suscipias,
1069 2747 1133 2805 utr

153 2878 245 2937 esset
270 2890 438 2937 resmea.
464 2864 560 2938 Novi
585 2889 652 2963 ego
679 2890 742 2936 vos
778 2889 925 2962 magnos
952 2856 1133 2962 patronos³

154 2990 346 3100 Hominem
372 2990 516 3063 occidat
547 3005 707 3092 oportet,
745 2992 806 3091 qui
839 3003 956 3064 vestra
981 3014 1088 3089 opera
1110 2996 1133 3056 ul

153 3113 246 3188 velit.
274 3115 345 3187 Sed
370 3118 408 3188 in
433 3115 503 3189 hoc
529 3116 674 3191 homine
700 3116 834 3207 nullam
860 3116 1033 3216 accipiol
1062 3135 1133 3187 excu

155 3242 338 3319 sationem.
365 3243 495 3316 Omnia
522 3244 713 3346 relinques,
740 3245 851 3317 sime
878 3243 1031 3343 amabis,
1058 3260 1133 3344 quur

155 3380 216 3439 tua
242 3393 351 3467 opera
376 3367 508 3460 Fabius
533 3372 586 3444 uti
612 3369 715 3445 volet.

206 3521 228 3564 2
254 3496 333 3593 Ego
367 3523 421 3570 res
459 3497 635 3571 Romanas
674 3495 903 3570 vehementer
936 3509 1133 3597 exspecto*

157 3615 337 3721 desidero,
363 3623 400 3694 in
426 3625 637 3726 primisque,
674 3623 759 3724 quid
786 3649 867 3722 agas
885 3624 911 3721 ⁵,
937 3623 1025 3695 scire
1052 3619 1131 3720 cupi

155 3745 247 3819 Nam
272 3748 425 3848 iamdiu,
451 3766 598 3853 propter
624 3751 747 3822 hiemis
766 3750 1064 3848 magnitudinem,
1080 3743 1133 3819 nil

157 3876 243 3950 novi
271 3875 316 3949 ad
342 3903 408 3952 nos
434 3877 643 3952 afferebatur
660 3880 685 3948 ⁶.
711 3875 810 3952 Vale.
