2616 4852
499 352 538 399 ui
564 352 754 401 nrtsronas
1054 333 1123 427 421

160 467 229 508 rem
250 447 338 509 Bruti
362 449 551 532 desperatam
576 454 660 534 apud
683 475 787 535 regem
807 451 1041 516 Ariobamnem
1064 461 1129 540 (.ep

160 554 291 628 conii,
312 558 348 637 3)
369 563 496 619 menn

130 679 161 743 ¹9
181 661 299 724 Sebiitz
319 686 356 726 ex
376 669 497 748 ingenIo
517 681 562 727 est
581 672 663 730 tanti

130 769 161 831 lo
181 771 332 853 Intelligit
351 787 471 835 senatus
484 777 655 836 consultiun
676 777 823 838 Marcello
843 799 903 838 cos.
924 778 1071 840 referente
1084 778 1131 838 sa-

160 889 248 938 ctum
279 882 346 963 (ep.
375 883 548 954 CCXXIII,
569 885 588 943 3
613 896 644 944 et
670 885 725 961 4),
748 906 812 966 quo
841 896 963 946 senatus
991 886 1133 946 voluntas

160 998 271 1068 aperte
304 989 532 1069 significabatur
557 991 595 1051 de
625 1013 796 1053 successore
822 992 943 1053 Caesari
975 993 1133 1052 mittendo.

160 1095 284 1155 Manui
306 1097 415 1157 lllelius
434 1098 565 1158 iucunda
584 1098 622 1159 de
645 1098 678 1159 C.
699 1101 781 1159 Tum
801 1121 880 1182 quae
894 1113 925 1159 tu
937 1121 1058 1180 speras,
1070 1098 1135 1159 scil.

161 1200 330 1263 Caesarem
344 1203 634 1288 obtemperaturum.
654 1206 738 1266 Salvi
748 1229 865 1281 snmus,
879 1229 896 1268 e
909 1210 1067 1290 provincia
1080 1207 1135 1268 de·

135 1308 318 1388 ‘cedemus

130 1417 154 1477 31
179 1419 332 1480 Graviter
351 1420 417 1481 fero
437 1420 476 1482 de
497 1423 617 1482 incensa
636 1422 780 1484 Plaetorii
795 1424 902 1483 domo:
917 1423 970 1484 sed
983 1444 1021 1484 eo
1034 1425 1135 1481 minus

158 1527 331 1587 molestum
359 1540 419 1600 est,
439 1529 524 1610 quod
548 1529 656 1590 adusta
682 1530 771 1590 simul
798 1542 843 1591 est
870 1534 1043 1613 propinqua
1069 1530 1137 1589 Leii

157 1633 294 1706 domus,
315 1635 447 1696 bominis
467 1657 529 1697 non
550 1640 649 1697 amici.
670 1641 731 1697 Aut
751 1641 807 1698 sie:
829 1638 877 1698 Eo
890 1641 991 1698 minus
1011 1637 1138 1698 moleste

155 1741 228 1802 fero
249 1742 442 1803 Plaetorium
462 1743 718 1817 condemnatum,
737 1745 822 1826 quod
842 1766 878 1806 ex
898 1744 1065 1826 appendice
1090 1746 1139 1803 iu-

156 1848 234 1908 dicii
256 1849 444 1910 Plaetoriani
466 1863 592 1911 vocatus
612 1863 657 1911 est
676 1852 767 1912 Leius
786 1854 819 1911 in
840 1852 1001 1923 iudIcium,
1020 1872 1081 1933 quo
1099 1870 1138 1911 ea

153 1958 294 2038 pecuinis
311 1960 489 2039 pervenerit:
510 1969 545 2018 ut
565 1956 708 2018 Rabirius
728 1978 765 2018 ex
784 1958 978 2017 damnatione
1002 1956 1138 2018 Gabinii.

157 2062 287 2123 Manat.
314 2064 520 2125 Posteriorem
547 2085 667 2125 sensum
694 2065 870 2147 praeferunt
894 2067 1025 2146 interpp.
1052 2063 1140 2125 Seius

158 2172 322 2230 ambustus
343 2173 497 2254 rescripsit
508 2171 666 2231 Ernestius
679 2193 738 2254 pro
752 2173 875 2253 vulgato
892 2171 982 2232 Leius
1001 2170 1142 2240 adrastus,

157 2278 251 2359 quod
271 2276 363 2336 Leius
383 2299 496 2339 nomen
514 2281 656 2360 nuspiam
678 2290 833 2349 occurrat,
846 2290 877 2338 et
891 2279 1042 2339 ambit-stus
1055 2280 1094 2338 sit
1107 2280 1141 2337 in

157 2382 222 2444 hac
244 2406 280 2444 re
300 2388 463 2467 proprium
484 2395 515 2446 et
534 2396 717 2467 perpetuum
738 2384 878 2445 verbum.

130 2495 157 2553 la
182 2495 225 2571 Q.
250 2494 357 2552 Cassio
378 2494 534 2574 Longino,
555 2493 636 2564 Caii,
656 2485 841 2574 percussoris
862 2493 1013 2563 Caesaris,
1030 2491 1144 2562 fratre,

159 2602 217 2682 qui
242 2602 279 2660 Δ.
301 2600 341 2660 V.
368 2600 402 2660 C.
421 2600 549 2662 DCCIV
570 2620 641 2659 cum
664 2601 796 2659 Antonio
817 2608 848 2658 et
868 2585 1000 2658 Curione
1021 2598 1144 2656 Caesari
1189 2636 1195 2652 .

160 2718 276 2767 contra
291 2707 476 2789 Pompeium
491 2707 619 2780 studuit3
641 2727 688 2788 ep.
703 2704 813 2777 CCCI,
827 2725 854 2764 2.
869 2704 1029 2763 Contentio
1051 2704 1145 2782 igitur

160 2814 339 2874 Lucceium
359 2816 438 2873 inter
457 2825 489 2874 et
509 2813 648 2873 Cassium
668 2812 728 2872 fuit
737 2856 749 2886 ,
769 2811 854 2893 quod
873 2811 949 2872 alter
974 2808 1147 2891 Pompeio,

161 2920 244 2978 alter
267 2919 392 2979 Caesari
414 2920 538 2980 faveret.

130 3025 162 3086 33
184 3026 325 3088 Virilem
354 3038 478 3106 togam,
506 3047 598 3106 quam
629 3024 807 3095 sumebant,
829 3033 984 3106 praetexta
1010 3021 1147 3103 deposita

163 3125 247 3194 enno
277 3133 357 3194 XIV
379 3133 482 3205 finito,
503 3155 550 3215 ep.
572 3132 696 3204 CCLII,
716 3154 746 3215 9.
769 3131 895 3202 Iubeor,
915 3151 933 3189 a
954 3129 1048 3188 fratre
1063 3147 1149 3200 meo,

163 3243 282 3314 sororis
303 3251 378 3301 tuae
398 3244 474 3300 viro.
496 3241 614 3300 Illonut.
642 3239 768 3309 Puram,
787 3237 818 3299 h.
841 3260 883 3308 e.‚
909 3239 973 3296 sine
993 3253 1148 3318 purpura3

163 3350 284 3429 graecis
305 3346 475 3421 ἀπόρφυρον·
501 3349 574 3408 Mox
593 3347 661 3408 edd.
675 3367 722 3428 pr.
737 3366 833 3425 usque
848 3344 887 3405 ad
898 3344 995 3414 vica,
1007 3342 1150 3401 Romana

165 3466 315 3538 excepta,
336 3455 441 3514 iubebo
461 3453 555 3525 dare,
575 3466 606 3515 et
626 3452 719 3513 dabat
739 3472 848 3530 revere
868 3471 924 3532 per
942 3451 1096 3509 ministros
1110 3445 1152 3506 ad

166 3561 327 3633 tribunal,
348 3571 386 3620 ut
405 3560 619 3622 animadvertit
641 3559 807 3619 Ernestius.
838 3557 1037 3637 Diligentiam,
1057 3572 1153 3634 quam

168 3669 284 3730 scilicet
304 3678 397 3751 pater
418 3670 494 3728 eius.
522 3668 630 3728 Frenis
656 3665 765 3746 egebat
790 3686 884 3746 puer,
904 3685 952 3746 ep.
975 3659 1154 3743 CCL11‚9‚

132 3773 170 3851 34
187 3776 310 3836 Nomen
329 3775 494 3834 Deiotarum
507 3794 586 3832 unus
601 3770 678 3832 liber
693 3771 917 3831 Turnaesianus
931 3767 1015 3850 apud
1028 3762 1155 3825 Lambi-

174 3900 248 3943 num
269 3880 387 3954 hebet,
400 3880 588 3962 idque.recto
605 3877 710 3940 abesse
731 3876 875 3938 iudicavit
888 3875 1054 3940 Victorius.
1075 3870 1156 3937 Setis
