2616 4852
186 344 255 389 210
502 337 672 387 urrsrom
698 339 864 387 ccxxvur.
958 335 1147 397 A.v.c.702

184 442 330 513 videtur.
355 443 432 538 Ego
458 441 494 511 in
515 441 587 512 vita
604 465 682 511 mea
699 439 794 510 nulla
811 463 979 538 nmquam
998 437 1151 537 voluptat

183 579 281 639 tanta
306 593 382 637 sum
408 565 569 663 affectus,
586 577 715 665 quanta
738 563 870 639 afficior
886 562 954 635 hac
974 565 1151 662 integritat

183 691 257 764 Nec
283 717 338 762 me
363 704 437 762 tarn
461 691 568 789 fama,
601 716 689 791 quae
722 715 857 762 summa
891 703 963 788 est,
996 715 1102 790 quam
1126 716 1151 763 rr

184 817 260 917 ipsa
287 816 446 888 delectat.
483 816 580 907 Quid
612 814 766 916 quaerisl
800 815 864 887 fuit
889 816 994 887 tanti:
1026 841 1083 886 me
1107 817 1151 915 ips

184 966 256 1015 non
282 967 423 1039 noram,
449 967 514 1013 neo
541 943 624 1014 satis
653 941 824 1041 sciebam,
856 940 942 1041 quid
965 941 1004 1014 in
1029 941 1100 1013 hoc
1124 967 1151 1039 gr

184 1094 267 1140 nere
304 1068 415 1140 facere
449 1094 609 1166 possem:
647 1082 742 1140 recte
774 1073 976 1160 πεφυσίωμαι.
1008 1065 1105 1139 Nihil
1127 1092 1151 1139 es

184 1192 404 1294 praeclarius.
429 1194 573 1265 Interim
606 1193 693 1264 haec
718 1197 842 1289 λαμπρά
859 1208 900 1264 ²⁷.
929 1191 1151 1265 Ariobarzane

184 1344 291 1418 opera
328 1345 405 1391 mea
431 1320 542 1418 vivit,
570 1331 701 1418 regnat.
727 1322 780 1389 Ἐν
804 1319 928 1414 παρόδῳ
953 1303 1121 1415 consilio,
1135 1332 1151 1388 ἐ

174 1446 408 1544 auctoritate,
443 1458 479 1516 et
510 1444 605 1546 quod
638 1443 899 1519 insidiatoribus
923 1446 997 1517 eius
1022 1451 1151 1540 ἀπρόσιτι

185 1599 259 1670 me,
291 1598 364 1645 non
397 1570 504 1645 modo
537 1573 759 1668 ἀδωροδόκητον
791 1571 954 1672 praebui,
985 1596 1103 1669 regem
1124 1593 1151 1642 rr

186 1724 360 1799 gnumqne
386 1699 532 1772 servavi.
556 1699 694 1770 Interea
714 1723 733 1769 c
750 1696 977 1797 Cappadocia
1001 1722 1047 1768 ne
1072 1695 1151 1796 pilu1

127 1925 130 1930 -
185 1823 344 1923 quidem,
370 1838 474 1926 atque
500 1825 605 1898 etiam
630 1850 733 1923 spero
759 1836 836 1897 toto
856 1849 949 1896 anno
966 1823 1103 1922 imperii
1117 1845 1151 1893 n<

183 1951 246 2028 stri
271 1953 466 2022 teruncium
492 1964 625 2022 sumtus
649 1951 687 2022 in
704 1950 884 2050 provincia
905 1948 1041 2021 nullum
1058 1946 1151 2020 foret

182 2075 330 2147 Brutum
357 2074 547 2174 abiectum,
574 2089 743 2176 quantum
759 2077 877 2176 potui,
893 2073 1059 2148 excitavi:
1077 2097 1151 2174 quer

183 2223 256 2271 non
281 2200 396 2272 minus
422 2227 516 2307 amo,
541 2228 646 2302 quam
671 2216 727 2300 tn,
751 2227 863 2300 paene
891 2201 978 2299 dixi,
1003 2212 1151 2301 quamn

234 2325 255 2396 3
282 2324 400 2397 Habes
426 2328 553 2398 omnia.
585 2327 687 2400 Nunc
719 2326 859 2428 publice
891 2326 1007 2399 literas
1034 2327 1151 2398 Romar

182 2450 320 2522 mittere
350 2450 537 2550 parabam:
574 2452 750 2527 uberiores
785 2467 909 2550 erunt,
944 2478 1051 2553 qnam
1083 2451 1151 2523 sic

182 2575 319 2646 Amano
345 2577 523 2649 misissem.
549 2580 597 2650 At
621 2593 656 2651 te
681 2578 812 2652 Romae
836 2603 909 2651 non
934 2577 1032 2651 sorel
1048 2574 1109 2649 sed
1123 2601 1151 2648 es

183 2714 296 2774 totum
314 2718 356 2801 ²9,
382 2703 477 2803 quod
501 2703 577 2776 Kal.
609 2706 746 2777 Martiis
779 2703 934 2777 futurum
959 2715 1021 2776 est.
1046 2703 1151 2776 Vereo

185 2829 296 2926 enim,
328 2854 393 2927 ne,
426 2857 533 2930 quum
560 2830 604 2901 de
629 2810 818 2928 provincia
837 2843 974 2927 agetur,
999 2830 1028 2901 si
1054 2831 1151 2902 Caesa

134 3041 140 3057 ἒ
182 2953 335 3049 resistet,
359 2979 425 3025 nos
449 2956 667 3028 retineamur.
701 2956 765 3028 His
792 2969 828 3027 tu
856 2955 885 3026 si
910 2953 1072 3067 adesses,
1091 2949 1151 3025 nihi

95 3140 97 3145 .
182 3077 349 3148 timerem.

231 3203 254 3295 4
280 3201 398 3273 Redeo
425 3201 471 3274 ad
503 3204 656 3303 urbana,
690 3182 778 3307 quae
812 3231 877 3304 ego
907 3205 967 3277 diu
993 3207 1145 3304 ignorans

182 3353 223 3396 ex
249 3328 316 3399 tuis
342 3327 596 3403 iucundissimis
622 3331 730 3404 literis
756 3358 784 3403 a.
811 3331 843 3403 d.
861 3332 896 3402 V
916 3330 994 3403 Kal.
1020 3333 1090 3402 Ian.
1114 3327 1151 3398 de

181 3451 285 3550 nique
312 3455 469 3550 cognovi.
495 3457 565 3528 Eas
592 3454 852 3555 diligentissime
878 3455 1101 3557 Philogenes,
1127 3449 1151 3520 li·

180 3574 298 3648 bertus
325 3592 422 3678 tuus,
454 3584 608 3680 curavit,
641 3583 807 3682 perlonga
834 3596 868 3654 et
894 3607 965 3655 nou
993 3583 1074 3654 satis
1098 3587 1151 3649 tun

181 3701 256 3799 via,
282 3705 511 3801 perferendas.
548 3708 638 3781 Nam
672 3737 757 3810 quas
786 3709 885 3780 Lenii
912 3709 1029 3807 pueris
1054 3699 1151 3779 scribis

182 3825 296 3926 datas,
321 3855 394 3904 non
420 3858 630 3932 acceperam.
657 3832 812 3911 Iucunde
839 3832 882 3905 de
908 3835 1055 3906 Caesare
1071 3832 1106 3926 ³⁰,
1127 3832 1151 3893 el
