2616 4852
442 339 478 390 m
505 337 696 388 nrrsronas
1003 318 1075 419 457

103 445 235 505 Praetor
254 452 356 503 autem
375 443 569 524 peregrinus,
596 440 674 503 idest
692 460 751 523 pro
773 441 1005 524 peregrinorum
1025 465 1077 506 ne·

103 553 194 634 gotiis
215 552 410 622 constitutus,
430 549 480 610 hic
499 559 603 610 noster
624 547 747 610 Curtius
760 559 827 611 erat
839 549 967 611 Romae.
980 549 1076 613 Prae·

104 661 165 720 tori
185 661 289 739 itaque
315 658 477 739 peregrino
508 655 633 728 scribit,
666 657 739 737 quia
770 658 906 738 proprie*
925 659 1077 741 praetoris

103 775 170 826 erat
188 766 345 846 negotium
365 763 403 824 de
424 762 520 823 fundo
541 761 631 823 Fabii
651 762 812 846 explicare.
903 766 905 770 ⁴

60 894 78 931 2
103 873 181 933 Tres
196 869 305 931 Ambb.
320 880 350 931 et
365 870 436 931 Rec.
450 882 501 931 tun
514 869 641 950 dignitas
652 880 684 930 et
694 868 782 951 fides.
798 868 866 931 Hoc
886 869 972 931 dicit:
993 870 1078 932 aliud

102 978 181 1040 nihil
194 977 299 1051 facies,
313 998 405 1061 quam
419 977 503 1061 quod
518 977 652 1051 edixisti,
665 987 696 1039 et
709 976 816 1038 solitus
837 997 869 1038 es
889 977 995 1039 facere.
1016 976 1074 1040 So-
1122 995 1126 1007 ·

103 1086 207 1149 lebant
227 1097 329 1147 autem
349 1095 505 1168 praetores
525 1069 784 1168 Romae⁸pubiice
803 1087 998 1167 praemittere
1011 1083 1075 1145 cdi·

102 1205 187 1255 ctum
201 1193 240 1256 de
253 1195 378 1254 summis
390 1192 541 1276 capitibus
554 1192 779 1265 iurisdictionis,
791 1203 826 1253 ut
836 1212 884 1275 ep.
897 1191 1070 1265 cexxltfl

102 1301 182 1363 med.
204 1301 306 1363 fecisse
326 1300 456 1362 vidimus
477 1301 681 1384 provinciales
709 1311 801 1373 ante,
832 1320 925 1382 quam
946 1300 978 1360 in
999 1318 1073 1382 pro·

101 1411 235 1470 vinciam
255 1409 341 1469 irent.
839 1451 841 1455 ·
989 1412 991 1417 '

60 1518 79 1578 3
103 1514 214 1576 tmhb.
239 1535 295 1589 aa,
319 1514 370 1588 15,
389 1523 421 1577 et
440 1513 509 1578 edd.
539 1514 597 1576 110.
618 1515 694 1576 lens.
722 1514 861 1587 bbenter
882 1511 978 1575 Amb.
1004 1522 1074 1576 aet

102 1612 211 1684 Lamb'.
232 1624 354 1685 iubente.

472 1836 664 1900 CCXLVIII.

64 2074 73 2112 ι
100 2050 190 2113 Amb
216 2053 252 2114 13
271 2050 374 2133 desem

60 2181 79 2219 a
99 2159 240 2221 Lambin.
260 2160 377 2222 iubente
398 2170 434 2220 te.

60 2267 79 2328 3
96 2268 205 2330 'Malim
224 2265 330 2332 absum
349 2278 380 2330 et
399 2266 450 2328 hic
469 2276 501 2330 et
521 2286 568 2351 ep.
590 2286 657 2350 sup.
678 2276 752 2328 extr.

480 2506 646 2580 cmlx.
750 2499 753 2510 '

62 2715 72 2755 r
97 2696 203 2778 Vulgo
221 2695 335 2759 codro.
354 2694 421 2759 Etsi
442 2698 504 2757 scio
520 2694 647 2759 Claudio
667 2705 699 2756 et
721 2693 826 2757 Clodio
846 2693 906 2757 dici
925 2705 957 2757 et
977 2694 1069 2756 scribi

98 2805 168 2886 (ep.
188 2803 276 2877 XIV,
296 2805 352 2884 4);
372 2815 492 2877 tomen,
513 2805 586 2885 quia
606 2823 726 2886 semper
744 2802 782 2864 de
802 2804 904 2885 Appio
923 2804 1070 2885 scriptum

96 2911 163 2972 vidi
186 2910 333 2986 Claudio,
363 2923 394 2973 et
425 2911 457 2972 id
487 2914 588 2996 ipsum
614 2910 729 2972 habent
749 2909 799 2971 hic
819 2910 922 2994 plures
942 2908 1072 2985 nmbb„

95 3017 160 3079 hoc
178 3019 309 3102 praetuli
330 3021 517 3081 constantiae
537 3040 637 3082 causa.

55 3144 75 3186 2
96 3113 201 3204 Quam
222 3129 302 3188 circa
322 3127 379 3189 hos
400 3127 464 3188 dies
483 3129 621 3211 primum
644 3136 716 3210 post
742 3126 906 3188 discessum
927 3147 945 3187 e
965 3125 1070 3188 Cilicia

97 3232 293 3316 adspexerat,
318 3253 366 3317 ep.
393 3232 537 3294 CCXXII
559 3236 643 3307 init,
672 3235 891 3314 introieratque
912 3230 1070 3314 triumpho

97 3338 231 3417 abiect03
245 3360 292 3424 ep.
304 3342 453 3415 CCXLH,
469 3363 491 3402 r.
511 3341 542 3404 V
541 3343 726 3414 rhanitatem,
737 3341 808 3403 vide
820 3360 891 3424 epp.
905 3339 1069 3412 CCXL1V‚

96 3448 115 3507 3
138 3457 208 3508 ante
228 3448 323 3525 med.;
344 3449 503 3523 ccxxii,
529 3471 553 3511 1.

52 3555 73 3614 3
96 3553 255 3616 Ernestius
276 3555 405 3640 patabat
424 3576 460 3618 ex
483 3576 538 3618 suo
559 3576 615 3619 ms.
646 3554 839 3618 scribendum
860 3575 955 3627 esses,
974 3553 1068 3636 idque

95 3672 278 3744 receperunt
298 3662 410 3724 Scbiitz
429 3674 461 3726 et
481 3664 560 3746 Cier.
582 3662 750 3742 Proficisci,
777 3661 906 3724 subaudi
928 3661 1067 3721 Romam.

41 3808 42 3812 =
93 3767 178 3829 Vide
197 3789 245 3851 ep.
265 3769 428 3844 ccxxn,
453 3793 476 3831 1.
499 3770 581 3832 infra
602 3791 707 3832 omnes
733 3770 795 3833 iere
815 3767 925 3831 Ambb.
947 3777 977 3829 et
997 3765 1066 3827 edd.

94 3885 168 3945 vett.
189 3873 305 3940 habent
322 3877 363 3940 de
383 3879 606 3967 Apomaeorunr
625 3899 660 3956 ας
686 3877 853 3941 Lambinus
873 3877 1066 3958 Apamenas·
