2616 4852
464 363 633 408 nrtsrota
661 362 821 407 otxxxvr.
949 357 979 405 Α.
998 361 1032 407 V.
1050 359 1080 406 C.
1100 374 1146 420 702

511 589 752 662 CLXXXVI.
937 624 1145 689 (ararent)

421 714 424 721 ·
535 714 539 738 ι
1005 725 1007 729 ,
1118 728 1121 733 4

147 772 379 850 ,Aminearum
411 768 500 827 llinas
532 767 588 827 sibi
622 767 662 826 ab
688 769 798 829 Attico,
818 767 919 826 literas
951 764 1086 827 redditas
1109 787 1170 826 esse

198 877 316 952 scribit,
337 876 408 935 alias
430 897 461 935 se
482 875 583 943 adhuc
602 874 782 953 desiderare,

217 1076 220 1080 ’
299 1077 351 1127 Sor.
372 1076 397 1126 in
416 1074 564 1126 Trebulano
583 1076 614 1126 Α.
634 1074 666 1124 V.
686 1073 714 1125 C.
735 1073 848 1138 DCCll,
867 1074 892 1125 V
912 1074 950 1126 ld.
972 1074 1033 1126 nai.

470 1273 615 1353 creuao
641 1273 792 1355 arrico
818 1274 890 1357 sj
958 1272 965 1357 j
1020 1298 1023 1302 ·

206 1486 247 1557 A.
275 1482 307 1555 d.
325 1483 407 1555 VI¹
435 1482 519 1555 Idus
545 1482 655 1554 Maias
683 1482 766 1553 veni
790 1481 829 1554 in
855 1480 1099 1556 Trebulanum
1125 1483 1169 1556 ad

158 1611 336 1683 Pontium.
362 1608 417 1681 Ibi
443 1608 528 1680 milri
550 1622 630 1680 tuae
647 1607 770 1680 literae
787 1607 892 1681 binae
905 1596 1070 1683 redditae
1088 1623 1169 1683 sunt

157 1738 262 1810 tertio
289 1736 412 1808 abste
439 1734 516 1806 die:
551 1733 676 1807 eodem
703 1749 842 1834 autem,
870 1735 988 1808 exiens
1014 1762 1034 1808 e
1059 1730 1169 1811 Pom-

157 1865 285 1964 peiano
304 1879 329 1961 ²,
361 1862 553 1935 Philotimo
588 1861 754 1934 dederam
788 1860 834 1933 ad
869 1876 904 1933 te
937 1862 1067 1936 literas.
1094 1864 1169 1938 Nec

156 2016 242 2064 vero
268 2016 364 2062 nunc
391 2003 465 2062 erat
491 2014 593 2086 sane,
618 1987 715 2089 quod
741 1987 939 2062 scriberem.
966 1991 1038 2082 Qui
1054 1986 1113 2063 ¹de
1131 2017 1168 2066 re

155 2114 298 2215 publica
325 2141 499 2214 rumores,
524 2114 657 2213 scribe,
683 2140 823 2216 quaeso.
849 2117 892 2188 In
912 2116 1056 2216 oppidis
1074 2119 1168 2199 enim

157 2267 333 2315 summum
359 2241 464 2314 video
489 2242 651 2314 timorem
667 2244 697 2340 ³3
715 2240 778 2315 sed
795 2240 906 2315 multa
923 2244 1052 2317 inania.
1071 2244 1169 2349 Quid

159 2369 204 2443 de
230 2370 271 2442 iis
298 2370 451 2469 cogites,
477 2384 513 2441 et
539 2369 703 2470 quando,
736 2370 825 2442 scire
852 2370 966 2442 velim.
998 2370 1060 2446 Ad
1082 2352 1168 2474 guas

155 2495 275 2569 literas
302 2496 366 2568 tibi
392 2494 536 2568 rescribi
554 2494 658 2592 velis,
682 2496 813 2568 nescio.
839 2495 961 2569 Nullas
985 2497 1085 2569 enirn
1109 2497 1168 2583 ad

155 2623 226 2696 hnc
254 2650 476 2724 acceperam,
502 2638 641 2723 praeter
668 2649 757 2724 quae
787 2622 873 2694 milri
901 2623 1008 2696 binae
1036 2624 1168 2716 simull

85 2784 91 2791 ·
156 2751 195 2822 in‘
219 2751 422 2824 Trebulano
448 2751 607 2824 redditae
634 2765 732 2824 sunt:
764 2776 912 2851 quarum
938 2749 1069 2824 alterae
1095 2752 1169 2824 edi-

156 2891 253 2950 ctum
278 2880 317 2951 P.
344 2880 502 2952 Licinii5
528 2877 707 2951 habebant
740 2887 869 2966 (erant
903 2891 1022 2949 autem
1053 2879 1168 2953 Nonis

155 3005 259 3076 Maiis
286 3004 429 3102 datae),
454 3005 582 3077 alterae
608 3005 798 3103 rescriptae
824 3003 871 3076 ad
896 3029 993 3101 meas
1019 3005 1169 3080 Mintur·

155 3154 289 3202 nenses.
316 3132 434 3223 Quam
461 3156 601 3231 vereor,
623 3158 668 3203 ne
695 3131 781 3233 quid
807 3131 911 3204 fuerit
936 3134 1169 3230 σπουδαιότερον

154 3256 193 3327 in
217 3256 278 3354 iis,
303 3284 391 3359 quas
416 3283 489 3330 non
508 3259 646 3356 accepi,
663 3257 790 3358 quibus
809 3258 954 3331 rescribi
971 3260 1041 3333 vis!
1060 3260 1170 3361 Apud

155 3383 348 3456 Lentulum
373 3411 505 3484 ponam
523 3399 558 3456 te
574 3386 611 3456 in
630 3387 777 3482 gratiam
792 3388 817 3455 ⁶.
843 3386 1037 3484 Dionysius
1064 3387 1169 3460 nobis

155 3510 254 3582 cordi
288 3525 350 3583 est.
385 3512 541 3584 Nicanor
575 3526 657 3582 tuus
692 3538 837 3611 operam
865 3512 952 3582 milri
979 3511 1042 3584 dat
1068 3538 1168 3610 egre-

154 3636 254 3731 giam.
282 3640 355 3715 lam
389 3637 505 3736 deest,
539 3638 636 3739 quod
670 3638 820 3711 scribam
841 3658 873 3735 7,
906 3651 942 3710 et
967 3638 1071 3711 lucet.
1098 3641 1168 3713 Be-

152 3764 295 3832 neventi
321 3765 520 3861 cogitabam
546 3763 651 3835 hodie
666 3766 690 3833 ⁸.
717 3764 847 3837 Nostra
873 3765 1111 3864 continentia,
1130 3781 1167 3839 et

153 3887 332 3984 diligentia
359 3889 524 3962 faciemus
552 3891 633 3962 satis
652 3909 676 3960 9.
712 3892 742 3962 A
776 3892 923 3988 Pontio,
957 3918 999 3963 ex
1025 3892 1163 3966 Trebu-

150 4013 232 4085 lano
260 4041 288 4086 a.
317 4015 347 4086 d.
377 4017 411 4086 V
437 4017 521 4088 Idus
548 4017 667 4089 Maias.
738 4000 741 4009 ¹
922 3993 930 4003 .
