2616 4852
516 360 553 406 rr
581 357 769 407 errsronts
1075 337 1142 431 431

133 481 168 521 ar
195 461 306 542 Syriae
325 471 357 522 et
378 459 508 522 Ciliciae.
531 459 656 520 Curram

131 589 172 628 aa
195 569 255 629 Alii
286 567 434 639 Tulleius,
458 577 495 628 ut
525 588 582 649 pro
602 568 735 627 Anneius
755 565 828 628 alibi
848 566 920 628 libri
939 568 1081 643 Anteius,
1110 571 1148 629 cf.

173 697 222 758 ep.
246 676 466 748 CLXXXVII,
486 696 524 737 a.
521 676 617 737 Tum
639 692 747 755 aspra,
755 675 818 741 alii
838 696 930 756 quim
950 675 1114 737 lucescent

131 783 171 844 23
194 783 349 856 Eranam,
361 783 518 866 Sepyram
532 793 563 844 et
577 782 761 856 (amna,
780 781 913 843 obscura
933 784 1072 845 vicorum
1091 805 1150 866 po·

171 892 252 962 tius,
272 912 368 973 quam
387 891 513 952 urbium
532 893 674 962 nomina,
694 900 730 952 ut
749 892 793 951 ait
811 891 983 963 Manutius,
1003 912 1078 973 quas
1100 891 1150 951 Ci-

169 1002 248 1061 cero
266 1001 376 1071 iae'tat,
395 1010 431 1060 ut
451 1020 482 1061 sa
498 1018 628 1081 magnas
648 1019 696 1087 res
717 1000 841 1080 gessisse
861 998 1009 1070 mandat
1030 1001 1147 1059 Locum

170 1108 508 1169 constituitl'ietorius
528 1127 588 1188 ope
612 1106 768 1169 Medicaei
783 1106 883 1167 ¹Olim
909 1107 1059 1168 interclusi
1076 1109 1149 1167 reli-

169 1215 228 1297 qui
236 1211 389 1295 fugerant.
402 1216 516 1275 Arriani
527 1227 626 1276 autem
633 1258 645 1290 ,
663 1228 742 1298 auae
754 1224 816 1279 'etc‘
831 1215 905 1285 Mox
923 1216 963 1285 τῷ
976 1234 1149 1296 ‚mprsgnan-

155 1323 252 1382 .tibus
270 1322 321 1382 'vel
340 1322 450 1383 excidit
464 1323 650 1394 anonam
663 1320 738 1403 quid
750 1320 865 1394 simile,
885 1321 935 1385 vel
949 1320 988 1382 de
1001 1323 1149 1383 sententia

168 1427 318 1489 Lambini
339 1431 553 1511 corrigendum
574 1443 780 1511 repugnantes
811 1446 829 1498 ᾖ
900 1467 904 1475 -
948 1490 952 1498 ,
1025 1446 1055 1485 π,

130 1536 171 1613 24
192 1535 287 1618 Apud
307 1538 418 1610 lssum3
439 1559 487 1620 ep.
508 1537 680 1609 CCXXVl‚
695 1558 721 1596 2.
744 1537 851 1614 Quum
864 1535 912 1597 his
926 1537 1005 1603 locis
1017 1536 1147 1597 Alexan-

168 1642 226 1704 der
252 1647 360 1705 vicerit
384 1646 532 1716 Darium,
558 1647 704 1705 victoriae
731 1655 929 1711 monumenta
954 1645 1059 1704 statuit
1086 1654 1148 1703 tres

163 1771 241 1812 aras
260 1753 295 1810 in
314 1754 388 1834 ripa¹
402 1752 505 1812 Pinari
526 1754 623 1815 amnis
636 1753 718 1823 lovi,
734 1751 873 1822 Herculi,
886 1761 917 1813 et
930 1750 1087 1819 Minervae
1101 1773 1148 1811 sa-

149 1858 283 1918 i'eratas.
304 1858 468 1931 carelli,
492 1880 537 1920 12.
558 1859 700 1921 Faue-iar.
880 1916 886 1927 ,

130 1963 170 2026 2'5
190 1965 242 2027 Hi?
259 1963 418 2038 Tr'baraai,
436 1969 500 2026 sive
525 1966 687 2038 Tebarani,
706 1986 778 2027 uam
803 1976 834 2025 et
860 1967 904 2025 sic
921 1974 1046 2027 ¹veteres
1073 1967 1145 2025 seri·

167 2072 250 2134 hiant
271 2073 357 2146 libri,
379 2076 503 2155 quinam
524 2077 597 2145 sint,
616 2074 755 2135 nondum
784 2072 976 2134 eruditorum
998 2071 1147 2133 industria

165 2182 274 2264 potuit
293 2181 446 2262 indagare.
466 2182 542 2241 Nam
568 2181 708 2244 Tibareni
725 2202 820 2264 supra
839 2183 1033 2252 Armeniam,
1053 2181 1145 2241 vicini

166 2289 380 2370 Mossynoecis
404 2301 434 2350 et
460 2289 666 2370 Chalybibus,
693 2291 867 2372 longissime
893 2288 933 2350 ab
959 2289 1021 2350 hoc
1045 2299 1145 2351 tractu

168 2407 243 2457 sunt
257 2399 378 2457 remoti.
401 2397 508 2457 Graec.
530 2399 564 2457 ln
585 2397 646 2457 fine
664 2419 763 2481 super.
778 2396 910 2459 membri
921 2399 1027 2460 Ambr.
1040 2399 1146 2458 tertius

167 2503 235 2563 dec.
256 2504 288 2562 in
306 2517 483 2586 potestatem
502 2526 539 2564 m.
562 2506 697 2564 venirent.

130 2607 170 2672 26
189 2609 279 2671 Adde
298 2631 349 2693 ep.
366 2612 489 2683 XXXl,
512 2633 537 2672 1.
561 2610 636 2672 Cato
656 2613 706 2672 ille
726 2625 839 2684 meter,
858 2613 912 2693 qai
922 2612 995 2673 milri
1006 2630 1082 2672 uuus
1101 2623 1146 2668 est

164 2737 225 2799 pro
245 2730 364 2777 centum
384 2720 524 2791 millibus,
543 2721 611 2802 ipso
631 2730 719 2780 teste.
742 2719 820 2780 Cart.

134 2841 166 2904 27
189 2823 261 2884 Hoc
282 2846 339 2885 nec
358 2825 397 2885 ad
417 2827 594 2898 Caesarem,
607 2837 643 2887 ut
656 2827 825 2898 Corradus,
840 2847 896 2885 nec
908 2826 948 2886 ad
961 2826 1145 2894 Antonium,

168 2931 328 2991 Ciceronis
348 2934 380 2992 in
401 2934 560 2994 consulatu
581 2935 746 3016 collegam,
765 2944 801 2994 ut
821 2935 976 2993 Manutius
995 2931 1144 3014 putabat,

164 3040 318 3120 pertinet3
339 3037 392 3099 sed
420 3045 544 3122 potius,
564 3053 600 3101 ut
619 3044 680 3101 iam
703 3043 841 3105 Victoria
862 3044 980 3111 visum,
1001 3039 1041 3100 ad
1062 3041 1143 3098 Len-

148 3134 271 3205 ¹tulum
293 3145 498 3229 Spintherem.
526 3150 603 3208 Nam
625 3170 720 3230 quum
743 3152 768 3209 is
788 3148 829 3209 ob
851 3170 898 3208 res
923 3168 1069 3230 prospere
1094 3167 1144 3226 ge-

153 3261 228 3312 aas
250 3255 421 3335 imperator
445 3256 614 3338 appellatus
633 3269 712 3319 esset
733 3261 797 3339 (ep.
818 3256 932 3317 CXXV
954 3258 1065 3334 exte),
1084 3254 1142 3313 tlu-

166 3357 256 3420 bium
278 3381 341 3420 non
362 3373 424 3433 est,
445 3365 519 3444 quin
544 3363 582 3424 de
610 3365 832 3447 supplicatione
853 3366 881 3423 ei
902 3361 1091 3424 decernenda
1113 3363 1141 3418 iu

166 3477 278 3526 senatu
298 3480 401 3528 actum
422 3473 468 3529 sit.
489 3472 666 3550 Seliiulerg.

130 3567 166 3631 ²8
187 3573 259 3634 Hoc
281 3579 472 3657 potissimum
495 3579 534 3637 ad
554 3580 676 3638 Lentuli
697 3578 797 3638 studia
817 3580 850 3637 in
870 3578 1019 3638 Cicerone
1042 3575 1143 3636 exsule

163 3681 344 3741 revocando
367 3684 431 3764 (ep.
451 3684 554 3756 XCll,
576 3686 612 3764 3>
635 3687 788 3766 pertinere
808 3685 940 3746 videtur.
962 3684 1084 3743 Schiitn.
1111 3722 1115 3727 -

130 3797 163 3868 ἒς)
182 3787 271 3846 Nulli
294 3798 413 3869 togato,
434 3802 662 3873 praeterquam
677 3793 830 3864 Ciceroni,
852 3794 992 3872 contigit,
1012 3802 1047 3851 ut
1067 3809 1141 3868 sup-

160 3893 295 3977 plicatio
316 3895 538 3961 decerneretur,
558 3898 747 3982 Supplicatio
768 3902 848 3960 enim
870 3919 933 3961 non
952 3899 1011 3958 nisi
1032 3894 1074 3956 ob
1095 3915 1142 3953 res
