2616 4852
529 346 565 394 rr
590 345 777 395 nrrsroms
1076 328 1146 421 405

192 451 223 503 et
244 441 365 526 Syriam
388 445 474 526 (nam
496 445 686 520 Maenianis,
706 459 774 528 post
795 449 833 525 Q.
855 446 1035 508 Ancharium
1063 471 1148 532 prac-

191 553 322 624 torium‚'
339 555 491 634 praetoria
511 553 596 631 fuit);
620 573 747 634 quarum
770 554 897 636 primam
919 557 978 614 iam
1000 555 1147 639 Pompeio

190 657 222 714 in
243 655 373 717 alterum
395 661 649 740 quincnrennium,
671 670 704 720 ut
723 655 797 730 Dio,
820 660 907 739 (XL,
926 661 981 739 44)
1005 662 1052 722 vel
1074 684 1148 744 qua-

188 758 379 836 driennium,
400 774 434 824 ut
458 764 638 825 Plutarchus
665 767 724 837 uit,
751 765 861 825 datam.
887 764 944 825 Ed.
970 767 1041 838 Ro„
1066 769 1147 829 Man.

187 864 298 928 Lamb.
319 870 407 952 inque
426 883 505 943 octo,
525 871 573 931 vel
595 870 687 931 VIII
702 891 724 932 r.
743 895 774 951 p.

146 968 188 1048 54
207 970 273 1034 Eos
292 976 346 1057 qui
357 1011 397 1024 —
410 998 459 1038 eos
485 979 600 1050 sortito,
626 977 753 1038 alterurn
778 998 813 1038 er
840 977 886 1039 his
914 978 996 1039 haud
1021 980 1147 1042 dixerim
1240 1000 1242 1004 ⁴

186 1070 362 1159 abundare3
382 1083 522 1144 distantia
543 1086 621 1144 enirn
643 1082 725 1155 facit,
748 1094 783 1144 ut
803 1095 882 1144 recte
902 1087 1034 1166 positum
1048 1090 1147 1148 eristi-

185 1173 270 1247 mem
292 1187 331 1248 ad
352 1190 564 1250 resumendum
585 1210 713 1251 sensum.
733 1189 820 1250 Amb.
846 1189 881 1250 15
901 1211 951 1250 eos
971 1193 1092 1252 sortitos.

141 1287 185 1350 55
205 1292 314 1353 Nullus
335 1299 473 1356 nostrum
494 1291 525 1349 τὸ
545 1317 586 1358 ex
606 1297 753 1377 agnoscit3
768 1298 882 1378 primus
896 1296 1083 1359 Graevianus
1097 1298 1147 1359 illa

185 1400 294 1458 omnia
313 1419 355 1461 ex
377 1401 435 1462 Sc.
457 1405 576 1486 omittit.

139 1501 184 1564 56
206 1504 290 1566 Octo
310 1517 465 1588 praetores
485 1509 637 1569 Ciceronis
658 1520 793 1591 tempore
821 1519 926 1580 erant,
945 1511 998 1590 qui
1019 1510 1097 1569 inter
1117 1529 1149 1569 se

181 1611 277 1672 unius
305 1615 377 1671 anni
405 1614 563 1695 collegium
589 1614 744 1675 faciebant.
771 1613 933 1697 Superiore
959 1633 1039 1675 anno
1065 1614 1148 1675 aliud

181 1716 349 1798 collegium
376 1723 572 1801 praetorum,
587 1730 626 1780 *et
649 1723 691 1780 sic
714 1720 861 1802 deinceps.
890 1721 1021 1780 Ρηὶηιιηι
1044 1732 1147 1781 autem

180 1833 245 1895 est,
259 1824 344 1905 quod
357 1831 495 1907 proxime
508 1828 681 1886 antecessit.¹
694 1825 846 1886 Callatim.
866 1824 945 1885 Hinc
959 1827 1146 1906 prostratum,

178 1948 242 2011 pro
260 1933 409 2011 pnirrum,
430 1931 583 2013 quomodo
598 1932 744 2012 loquutus·
760 1934 804 1992 'est
824 1931 917 2002 infra,
937 1929 1068 1991 malebat
1082 1930 1146 1990 Ma·

179 2037 299 2095 nutius.
696 2035 705 2043 ”

136 2139 178 2220 57
200 2141 341 2215 Novem,
362 2147 416 2226 qui
436 2145 697 2237 proficiscerentur
718 2148 748 2205 in
769 2155 836 2205 octo
863 2144 1035 2225 provincias
1055 2163 1145 2224 prae·

177 2250 344 2320 torias‚-et
365 2270 457 2311 unam
484 2252 637 2321 Ciliciam,
658 2272 735 2332 quae
755 2249 814 2311 hoc
841 2270 920 2310 anno
947 2247 1108 2328 regebatur
1128 2268 1147 2308 a

175 2342 330 2415 Cicerone
351 2357 509 2418 consulari.
532 2356 648 2418 Manat.
669 2359 757 2417 lnitio
777 2354 906 2417 membri
927 2352 1033 2415 Lamb.
1057 2351 1146 2415 stad

176 2465 381 2523 nwnerumu'
400 2453 457 2523 non
476 2482 501 2524 e.

133 2561 176 2626 58
199 2565 246 2626 Vt
276 2567 467 2629 confiderent
497 2569 654 2640 homines,
678 2568 754 2630 velle
780 2567 960 2649 Pompeium
991 2565 1145 2646 potentiae

174 2670 478 2736 Caesarisobsistere
485 2721 495 2749 ‚
508 2672 613 2735 contra
626 2694 716 2756 quam
730 2683 818 2734 antea
832 2673 955 2732 fecerat:
977 2689 1048 2729 nam
1061 2687 1144 2727 anno

172 2780 323 2861 proximo
344 2789 412 2840 tert.
433 2780 537 2841 consul
557 2779 766 2849 contenderat,
786 2788 821 2837 ut
840 2776 944 2857 decem
964 2772 1079 2834 tribuni
1103 2770 1144 2853 pl.

173 2883 280 2964 legem
301 2884 433 2961 ferient,
453 2896 487 2946 ut
506 2885 621 2947 absenti
642 2886 762 2946 Caesari
782 2881 1093 2960 consulatum.petere
1106 2876 1145 2937 li-

170 2978 275 3050 oeret:
300 2975 537 3073 quod'antiquis
557 2990 673 3072 legibus
694 2989 885 3050 interdictum
906 2995 983 3046 erat.
1004 2983 1122 3043 Manat.

131 3092 173 3177 59
194 3093 324 3167 Scribe,
345 3116 437 3177 quum
456 3095 580 3169 dicerem
598 3115 669 3156 nam
690 3108 724 3156 ut
741 3093 826 3155 nullo
854 3090 947 3152 modo
973 3088 1024 3177 hic
1044 3087 1147 3149 locum
1225 3167 1226 3170 Ἴ

171 3198 283 3261 habet.
306 3201 425 3262 Emest.

130 3290 172 3367 Co
193 3306 268 3367 Hoc
289 3307 554 3379 est‚‘subornaret
573 3307 729 3369 tribunum
743 3305 801 3387 pt,
815 3307 867 3386 qui
889 3302 969 3363 SCto
981 3296 1148 3360 intercede-

170 3423 231 3473 ret.
257 3412 370 3473 Graev.
391 3416 496 3496 ltaque
515 3414 590 3475 dixit
608 3413 787 3494 Pompeius,
807 3429 901 3469 unum
924 3406 1067 3484 idemque
1084 3422 1150 3462 esse

172 3518 263 3599 quod
276 3519 319 3579 ad
333 3520 509 3594 Caesarem,
528 3539 637 3602 parare
651 3521 890 3586 intercessorem,
912 3522 942 3572 et
962 3509 1081 3570 senatui
1096 3507 1153 3567 ob-

172 3625 291 3686 sistere.
314 3625 376 3685 Ed.
396 3626 452 3686 Ro.
472 3638 577 3687 senatu
596 3623 688 3695 dicto,
709 3620 790 3682 Med.
810 3631 929 3691 senatus
948 3615 1035 3675 dicto.

138 3725 168 3788 61
192 3730 285 3803 Duo,
308 3751 390 3811 quae
405 3752 434 3791 se
449 3734 579 3792 invicem
589 3725 808 3809 destruebant,
822 3740 958 3805 quaeque
972 3730 1093 3788 tamen,
1107 3720 1156 3778 in-

176 3839 241 3916 quit
267 3837 444 3911 Manutius,
465 3841 531 3921 ipso
556 3835 703 3916 Pompeio
724 3834 764 3891 tlt
786 3827 908 3890 consule
936 3843 993 3905 pro
1023 3822 1162 3886 Caesare
