2616 4852
534 359 572 407 us
597 359 788 409 srrsronas
1087 344 1160 438 423

144 454 164 514 3
188 454 273 517 Suos
288 459 366 520 sales
380 469 470 521 vocat
482 461 595 521 salinas
608 482 626 521 a
640 461 755 534 salinis,
768 460 821 521 ubi
835 462 926 525 saliit
940 463 1027 544 (Plin.
1041 466 1162 542 XXXI,

188 567 245 644 7),
266 576 363 649 atquc
383 565 457 640 hoc,
478 570 552 650 quia
578 568 695 629 dixerat
714 569 867 651 possessio.
892 570 940 632 De
965 573 1082 646 salinis,
1102 575 1163 639 hoc

187 683 249 744 est,
272 673 313 734 dc
333 676 409 734 iocis
431 674 584 736 Ciceronis
598 686 643 736 est
659 677 811 757 integrum
830 687 923 760 caput
943 678 962 738 3
981 677 1034 740 lib.
1055 680 1084 741 tl
1106 681 1162 743 Sa-

186 791 272 841 turn.
295 782 457 843 Macrobii.

149 885 224 962 din
247 889 390 950 Ciliciam
411 891 573 972 proiectus.
597 889 719 952 Connd.
740 890 812 952 Mox
834 890 995 966 Sextiam,
1017 915 1095 975 quae
1109 895 1162 955 Ci-

186 1017 260 1056 cero
281 997 476 1079 indignatur,
496 1009 602 1080 utpote
621 999 740 1080 frigida.
762 999 856 1060 Cuius
876 1011 978 1061 autem
992 1000 1085 1062 Sextii
1099 1002 1165 1064 sue-

150 1126 152 1131 ’
186 1105 268 1176 rint,
286 1124 352 1165 non
374 1108 566 1167 consentiunt
578 1109 762 1189 interpretes.
782 1106 940 1169 Emestius
960 1118 992 1170 et
1010 1109 1166 1170 Manutius

185 1210 272 1271 illius
295 1233 362 1274 esse
382 1212 503 1286 dicunt,
528 1235 618 1295 quem
642 1214 748 1275 Cicero
770 1216 921 1292 oratione,
948 1234 1027 1298 quae
1054 1226 1166 1288 exstat,

185 1317 344 1395 defendit3
365 1323 438 1402 quia
463 1342 499 1381 ex
519 1323 606 1403 epist.
625 1321 685 1384 XV
706 1324 854 1383 coniicere
875 1323 960 1395 licet,
979 1344 1050 1384 eum
1071 1323 1165 1383 fuisse

184 1425 335 1487 facetum.
358 1429 398 1487 At
417 1427 493 1487 nihil
514 1431 546 1488 in
566 1449 602 1488 ea
622 1428 748 1510 epistola
768 1431 889 1490 invenio
904 1429 942 1490 de
956 1429 1104 1490 Sextiauis
1118 1451 1164 1490 sa·

183 1531 280 1593 libus.
303 1534 416 1595 Melius
437 1535 593 1596 Victorius
621 1538 804 1617 suspicatur,
831 1536 917 1596 illum
943 1536 1051 1608 fuisse,
1072 1558 1165 1618 quem

183 1639 331 1701 Catullus
352 1642 483 1713 deridet,
504 1654 596 1725 atquc
609 1664 626 1702 c
640 1645 725 1702 cuius
739 1645 857 1724 scriptis
872 1653 956 1703 tanto
972 1642 1096 1716 affectus
1118 1653 1164 1703 est

182 1748 319 1821 morbo,
340 1761 376 1809 ut
396 1753 445 1808 vir
466 1753 497 1808 in
518 1751 650 1830 agellum
665 1752 839 1830 confugiens
861 1769 891 1808 se
912 1747 1041 1809 liberare
1056 1760 1164 1832 potue·

184 1857 244 1932 rit3
265 1857 373 1916 Carm.
387 1856 502 1929 XLIV,
515 1879 544 1916 v.
563 1878 614 1940 19,
629 1877 677 1916 20.
691 1854 777 1916 Libri
792 1856 909 1936 aliquot
923 1854 1067 1915 Sestiana.
1082 1856 1166 1915 Tum

182 1966 321 2045 poteria,
343 1964 458 2024 scilicet
477 1984 546 2024 mea
566 1963 645 2035 dici,
664 1965 744 2023 inter
770 1983 839 2022 mea
859 1962 939 2022 dicta
960 1964 1162 2023 annumerari.

143 2069 166 2129 5
188 2070 240 2130 Sic
262 2070 418 2131 latinitate
435 2071 609 2153 postulante
618 2082 688 2154 post
700 2069 884 2130 Lambinum
898 2069 1064 2130 Ernestius.
1079 2069 1164 2130 Olim

167 2201 290 2240 ¹nonne
311 2178 469 2260 defendis?

148 2284 171 2344 6
188 2286 302 2346 Lamb.
325 2287 400 2346 nihil
418 2287 458 2346 sit
477 2297 546 2344 tom.

154 2413 170 2471 7
189 2393 287 2454 Vncis
309 2394 430 2453 Inclusa
450 2392 593 2452 videntur
613 2391 653 2451 ab
673 2390 890 2474 interpolatore
910 2390 1041 2463 adiecta,
1061 2393 1113 2472 qui
1135 2393 1166 2449 in

191 2505 317 2561 nomine
339 2503 465 2560 erravit.
486 2502 563 2561 Nam
584 2499 668 2559 locus
688 2498 727 2560 de
747 2499 896 2569 ridiculis,
921 2499 1007 2558 Orat.
1029 2499 1058 2558 II
1079 2497 1119 2558 58
1139 2509 1169 2559 et

193 2631 292 2690 seqq.,
305 2630 372 2668 non
386 2630 444 2690 per
457 2608 593 2680 Antonii,
614 2606 666 2666 sed
685 2627 742 2688 per
761 2606 831 2666 Iulii
852 2606 987 2665 Caesaris
1004 2624 1166 2686 personam

193 2726 351 2776 tractatur.
376 2715 498 2774 Schiitz.

165 2818 180 2880 8
197 2823 330 2898 Questus
352 2833 422 2882 erat
442 2822 643 2892 Volumnius,
664 2819 814 2880 dominari
835 2821 867 2879 in
890 2817 1021 2888 iudiciis,
1045 2814 1168 2876 absente

199 2929 358 3001 Cicerone,
380 2929 521 2988 homines
542 2928 763 2988 Infantissimos.
785 2927 902 2988 Manui.
932 2929 953 2963 ²

169 3035 289 3114 90mni
311 3059 388 3096 cura
409 3046 442 3119 pt
468 3036 586 3108 studio,
612 3052 669 3116 ope
697 3037 782 3117 quasi
811 3033 968 3115 praetoris.
996 3027 1169 3089 interdictis

202 3145 275 3201 enim
296 3154 480 3225 praetorum
494 3142 657 3202 tuebantur
670 3143 889 3222 possessionem
903 3136 1089 3197 facultatum.
1106 3134 1167 3193 Cic.

202 3247 230 3320 t,
252 3271 285 3309 ιο
307 3251 347 3310 dc
370 3250 461 3309 Orat.
485 3248 636 3308 Graevius.
730 3284 731 3288 =

177 3371 205 3411 10
221 3355 359 3416 Fortasse
381 3354 494 3416 excidit
513 3376 625 3414 nomen
650 3353 792 3413 Curionis.
815 3351 934 3412 Schiltz.

162 3476 203 3516 'tt
223 3460 401 3538 Curionem3
424 3483 471 3543 ep.
494 3460 682 3532 CCXXVII,
708 3483 731 3519 r.

180 3581 207 3621 12
224 3568 339 3632 lmstel.
363 3583 409 3630 est
428 3569 523 3643 enim,
544 3582 576 3629 ut
600 3570 673 3641 scis,
693 3568 768 3629 mihi.
798 3564 932 3624 Nostror.
964 3563 1101 3642 quinque
1132 3575 1179 3621 est

195 3657 274 3736 'enlm
293 3681 368 3739 miti
389 3689 424 3736 ut
442 3679 507 3735 scis.

183 3773 211 3831 ¹3
227 3778 299 3843 Dicit
312 3785 389 3845 =hoe
405 3792 532 3864 propter
554 3785 690 3861 iniquam
712 3778 951 3838 aestimationem
976 3790 1084 3830 rerum
1108 3793 1187 3840 sua-

210 3901 282 3964 rum3
302 3912 350 3974 cp.
373 3888 587 3958 LXXXVIII,
607 3889 636 3964 lp
657 3881 775 3948 Manat.
989 3874 991 3878 ⁵
