2616 4852
462 362 465 374 “
563 367 735 419 errsrors
761 370 938 417 ctxxxvu.
968 333 974 347 ’
1032 364 1064 413 Α.
1081 367 1114 415 v.
1134 365 1162 412 c.
1182 378 1226 426 μ,

618 598 875 672 CLXXXVII.
1026 635 1231 698 (ararem)

248 783 468 862 Argumentum.
495 800 504 838 ι
530 736 705 860 Respondet
725 778 844 838 duabus
872 777 1007 860 epistolis
1029 780 1133 838 Attici:
1154 775 1253 845 atteri,

289 910 382 970 quam
403 887 623 962 Funisulanus3
643 907 660 944 2
683 887 784 958 alteri,
805 907 899 967 quam
919 885 1018 945 scriba
1031 885 1152 944 Tullius
1172 893 1250 943 attu-

290 995 373 1055 lerat.
397 996 414 1054 3
436 992 546 1054 Obiter
566 996 630 1053 eius
652 996 868 1075 parsimoniam
891 996 922 1052 in
937 991 1097 1053 scribendo
1114 992 1253 1071 increpat.

412 1203 465 1254 Scr.
486 1202 625 1255 beneventi
646 1202 677 1252 Α.
696 1201 729 1252 V.
748 1201 777 1254 C.
796 1198 941 1265 nc11,1v
960 1199 998 1251 Id.
1018 1199 1106 1252 Maias.

565 1398 710 1463 CICERO
736 1399 888 1463 ATTICO
913 1399 943 1460 S.

309 1643 320 1688 1
352 1617 594 1688 Beneventum
620 1615 701 1687 veni
728 1640 759 1686 a.
786 1614 820 1685 d.
837 1614 872 1686 V
900 1612 953 1686 ld.
979 1613 1100 1686 Maias.
1123 1612 1182 1686 'lbi
1207 1640 1260 1687 ac·

254 1743 333 1843 cepi
358 1768 417 1814 eas
441 1740 578 1840 literas,
612 1766 698 1841 quas
735 1754 773 1811 tu
807 1739 1048 1840 superioribus
1063 1788 1065 1792 v
1081 1739 1190 1813 literis
1215 1740 1261 1812 si·

253 1869 480 1967 gnifieaveras
507 1881 542 1939 te
569 1861 723 1940 dedisse:
750 1866 797 1939 ad
822 1895 909 1967 quas
935 1893 1001 1967 ego
1019 1869 1099 1967 ipso
1116 1892 1160 1939 eo
1178 1865 1257 1939 die¹

253 1994 421 2071 dederam
447 2021 490 2068 ex
515 1994 718 2067 Trebulano
753 2021 773 2066 a
806 1995 949 2069 Pontio.
982 1995 1034 2068 Aa
1059 1994 1160 2067 binas
1186 1994 1261 2097 qui·

254 2122 336 2195 dem
361 2135 469 2194 tuas²
495 2122 690 2196 Beneventi
715 2123 847 2222 accepi.
874 2123 1034 2214 Quarum
1051 2120 1178 2194 alteras
1195 2120 1260 2193 Fu-

254 2246 468 2321 nisulanus³
493 2247 606 2320 multo
631 2274 735 2320 mane
761 2248 849 2320 mihi
871 2247 989 2347 dedit,
1007 2246 1132 2320 alteras
1149 2246 1263 2321 scriba

255 2371 400 2445 Tullius.
427 2374 633 2447 Gratissima
659 2388 713 2447 est
737 2373 826 2445 mihi
852 2389 913 2446 tua
939 2401 1022 2447 cura
1044 2372 1089 2448 da
1106 2372 1168 2446 illo
1184 2397 1263 2447 meo

256 2499 372 2599 primo
398 2513 434 2571 et
467 2501 620 2572 maximo
652 2485 822 2573 mandato
839 2501 865 2572 4.
903 2500 975 2573 Sed
1006 2515 1068 2572 tua
1092 2499 1264 2605 profestio

255 2650 355 2727 spem
380 2652 496 2699 meam
524 2626 694 2701 debilitat.
727 2630 780 2700 Ac
814 2653 871 2699 me
907 2626 982 2727 ille,
1015 2625 1097 2698 illuc
1123 2627 1264 2727 quidem

257 2748 357 2826 labar
374 2755 401 2853 ⁵,
425 2780 498 2827 nou
524 2781 661 2856 quo...
687 2754 750 2828 sed
776 2741 901 2855 inopia
928 2756 1086 2854 cogimur
1111 2778 1154 2826 eo
1181 2778 1266 2826 con-

255 2880 343 2952 tenti
368 2906 452 2953 esse.
488 2881 543 2954 De
568 2881 629 2954 illo
656 2880 767 2954 altero
785 2885 811 2980 ⁶,
837 2908 942 2984 quem
967 2880 1091 2955 scribis
1118 2878 1185 2952 tibi
1210 2879 1265 2952 vi-

256 3029 336 3076 sum
362 3029 438 3077 esse
462 3031 537 3078 non
563 3006 732 3106 alienum,
757 3033 900 3106 vereor,
918 3007 1046 3080 adduci
1063 3021 1103 3080 ut
1119 3019 1264 3079 nostrat

255 3129 386 3228 possit,
411 3142 447 3201 et
473 3132 541 3203 tuis
567 3133 807 3228 δυσδιάγνωστον
833 3149 926 3208 esset
938 3135 963 3206 ⁸.
986 3133 1163 3234 Equidem
1190 3158 1268 3205 sum

257 3253 383 3327 facilis:
409 3255 473 3328 sed
498 3269 536 3329 tu
562 3257 693 3358 aberis,
710 3285 776 3332 nee
800 3287 858 3334 me
885 3261 1030 3333 absente
1054 3258 1202 3331 habebis
1218 3259 1269 3331 rei

257 3379 431 3454 rationem
444 3400 469 3455 9.
486 3383 577 3458 Nam
595 3402 717 3486 posset
733 3388 886 3489 aliquid,
903 3388 932 3460 si
950 3385 1081 3459 utervis
1106 3399 1268 3457 nostram

257 3503 414 3608 adesset,
439 3526 563 3608 agente
589 3513 734 3587 Servilia
759 3531 800 3614 ¹⁰,
826 3514 949 3587 Servio
975 3513 1050 3585 fieri
1075 3510 1268 3611 probabile.

256 3629 378 3732 Nunc,
403 3635 432 3706 si
459 3638 564 3711 etiam
580 3655 607 3690 ¹¹
634 3667 691 3714 res
715 3641 874 3741 placeat,
891 3638 1018 3740 agendi
1035 3652 1154 3715 tamen
1172 3638 1267 3711 viam

256 3780 330 3830 non
356 3760 471 3834 video.
1260 3758 1263 3762 ⁵

309 3910 330 3956 2
357 3884 459 3960 Nunc
485 3891 590 3965 venio
617 3892 663 3965 ad
684 3892 779 3966 illam
797 3890 1001 3992 epistolam,
1019 3915 1124 3992 quam
1142 3889 1263 3990 accepi
