2616 4852
159 368 201 413 ιο
479 365 650 411 semrom
677 366 826 415 cuxxxu.
936 354 1132 437 aucas

152 494 250 542 mum
276 465 373 567 apud
398 480 433 538 te
458 466 602 566 pondus
627 468 816 542 habituras.
849 472 892 544 Id
917 499 997 546 eum
1024 504 1068 551 ne
1094 478 1162 552 fal·
1218 515 1221 518 >

151 595 218 693 lat,
245 608 279 668 te
305 595 412 666 etiam
438 607 543 695 atque
569 597 674 667 etiam
701 623 797 695 rogo.
824 598 922 672 Vale.

538 852 776 926 CLXXXIII.
918 899 970 955 (Aa
984 899 1090 960 num,
1105 903 1137 956 a)

151 1033 372 1111 Argumentum.
394 1031 530 1098 Ciliciam
551 1034 741 1114 provinciam
763 1035 905 1106 sortitus,
919 1037 1051 1117 Appium
1068 1058 1102 1096 ex
1125 1058 1169 1096 ea

169 1138 384 1198 'decessurum
415 1150 525 1219 rogat,
552 1149 588 1199 ut
619 1138 675 1198 sibi
698 1160 764 1198 eam
792 1161 885 1221 quam
906 1145 1037 1202 maxime
1058 1155 1163 1225 aptam

191 1246 430 1328 explicatamque
450 1246 558 1307 tradat.
601 1286 604 1291 ·

343 1455 396 1505 Ser.
416 1455 511 1506 llomae
529 1456 560 1507 A.
578 1453 611 1505 V.
631 1455 659 1506 C.
680 1454 773 1506 occu
784 1491 792 1520 ‚
810 1472 890 1507 mens.
910 1457 973 1526 Apr.

213 1654 256 1715 M.
274 1655 309 1715 T.
328 1654 401 1716 ClC.
419 1653 555 1716 PROC.¹
573 1652 692 1716 APPIO
709 1652 896 1718 PVLCHRO
913 1655 995 1719 lMP.
1014 1656 1044 1717 S.
1061 1657 1100 1718 D.

203 1869 321 1960 Quum
348 1883 384 1940 et
410 1882 534 1941 contra
560 1867 782 1940 voluntatem
806 1894 939 1968 meam,
960 1884 997 1943 et
1021 1885 1166 1971 praeter

152 1996 391 2095 opinionem²
418 1994 622 2092 accidisset,
655 2007 695 2064 ut
727 1994 813 2065 mibi
843 2021 925 2067 cum
948 1996 1099 2102 imperio
1126 2000 1164 2072 in

151 2124 374 2222 provinciam
398 2122 577 2220 proficisoi
601 2146 744 2192 necesse
771 2135 879 2221 esset,
910 2123 948 2194 in
981 2122 1101 2197 mullis
1129 2140 1166 2198 et

151 2248 257 2321 variis
282 2247 454 2321 molestiis
485 2246 828 2348 cogitationibusque
861 2250 949 2322 meis
977 2249 1067 2324 haec
1089 2276 1166 2325 una

151 2373 350 2447 consolatio
376 2373 604 2471 occurrebat,
637 2373 735 2475 quod
765 2399 880 2476 neque
911 2375 976 2449 tibi
1000 2378 1167 2475 amicior,

151 2526 258 2602 quam
285 2527 350 2600 ego
377 2527 455 2573 sum
468 2503 494 2599 ³,
519 2502 704 2602 quisquam
730 2515 852 2600 posset
877 2503 1085 2603 succedere3
1107 2531 1168 2576 ne-

152 2653 221 2729 que
247 2654 312 2727 ego
339 2627 384 2700 ab
409 2627 483 2700 ullo
516 2628 740 2726 provinciam
773 2628 955 2728 accipere,
990 2631 1051 2730 qui
1077 2630 1168 2704 mal-

150 2752 201 2826 let
226 2782 303 2827 eam
336 2755 425 2828 mihi
458 2782 564 2856 quam
597 2755 750 2828 maxime
783 2768 903 2854 aptam
933 2754 1167 2856 explicatam·

153 2881 254 2982 quel
280 2882 427 2955 tradere.
465 2881 574 2974 Quod
607 2884 637 2955 si
670 2896 710 2954 tu
744 2870 884 2981 quoque
919 2880 1082 2956 eamdem
1120 2883 1166 2956 de

152 3033 230 3079 mea
256 3007 441 3079 voluntate
475 3033 556 3104 erga
590 3021 625 3078 te
658 3033 758 3106 spem
790 3004 916 3106 habes7
948 3035 989 3080 ea
1019 3023 1055 3081 te
1081 3036 1168 3110 pro-

151 3133 245 3205 lecto
271 3158 464 3233 numquam
492 3131 597 3204 fallet.
630 3134 662 3204 A
695 3147 731 3204 te
756 3134 909 3206 maximo
935 3159 1066 3233 opere,
1099 3163 1169 3235 pro

151 3272 274 3331 nostra
300 3285 436 3331 summa
462 3258 713 3331 coniunctione
747 3271 878 3358 tuaque
907 3260 1076 3358 singulari
1102 3260 1171 3332 hu-

150 3385 338 3483 manitate,
363 3387 469 3457 etiam
496 3399 601 3486 atque
627 3386 733 3457 etiam
760 3409 891 3484 quaeso
913 3399 949 3457 et
968 3376 1055 3485 pelo
1069 3388 1097 3485 ⁵,
1114 3402 1173 3485 ut,

152 3510 431 3613 quibuscumque
456 3511 561 3583 rebus
585 3512 719 3611 poteris
746 3513 907 3609 (poteris
941 3526 1063 3584 autem
1088 3513 1171 3613 plu·

151 3636 279 3733 rimis),
296 3639 491 3737 prospicias
517 3651 553 3709 et
579 3637 743 3711 consulas
770 3637 964 3711 rationibus
990 3641 1087 3711 meis.
1108 3641 1174 3714 Vi-

151 3760 216 3833 des
223 3817 234 3860 7
259 3788 302 3834 ex
327 3762 662 3837 senatusconsulto6
683 3763 905 3864 provinciam
932 3791 1007 3837 esse
1033 3765 1171 3838 haben·

153 3887 256 3962 dum:
283 3890 312 3959 si
338 3915 432 3988 eam,
466 3890 585 3989 quoad
618 3893 691 3963 eius
724 3889 835 3962 fecere
868 3894 1020 3990 poteris,
1056 3919 1166 3994 quam
