2616 4852
155 329 202 440 7²
329 313 334 325 ¹
522 354 694 405 arrarum
721 357 768 401 cc.
943 353 1020 402 ιι.
1041 356 1068 402 c.
1090 370 1136 415 702

153 461 272 540 Pridie
296 459 418 535 Nonas
440 458 588 552 Quintil.
606 485 627 531 a
643 460 789 531 Piraeeo
807 456 853 528 ad
870 458 1033 554 Zostera,
1051 473 1161 531 venta

152 576 323 686 mulceto,
349 583 414 689 qui⁴
434 609 500 658 nos
515 585 658 658 ibidem
683 584 795 659 Nonis
811 585 1007 657 'tenuis-As
1021 584 1055 656 d.
1074 585 1163 658 Vlll

81 698 85 706 ’
153 712 253 787 Idus'
265 710 311 785 ad
336 711 435 785 Geo¹
463 711 625 784 iucunde
651 710 739 784 Inde
759 711 925 810 Gyarum'
944 726 1052 784 saevo
1080 737 1163 785 ven

154 828 235 945 t'o',
235 865 308 913 ιιοιι
334 837 498 949 adverso:
516 837 600 912 hinc
621 838 787 968 Scyrum,
799 837 886 911 inde
903 834 1049 937 Delum,
1067 838 1162 912 utic

154 992 224 1068 que
229 945 370 1066 citius,
402 992 508 1076 quam
541 965 733 1071 vellemus,
766 990 906 1040 cursum
937 962 1161 1060 confecimus.

153 1095 229 1173 lam
254 1094 349 1179 posti
374 1102 516 1190 ἄφρακτα
540 1022 768 1167 Rbudioruin.
795 1091 910 1191 Nihil,
928 1089 1162 1194 quodminus

153 1217 300 1294 fluctum
313 1246 318 1290 ι
332 1219 434 1293 ferra.
452 1220 577 1320 possit.
614 1221 739 1321 Itaque
762 1221 903 1297 eratin
927 1221 1048 1295 animo
1074 1207 1164 1292 nihil

155 1345 337 1446 festinare,
361 1345 451 1419 Delo
476 1371 544 1419 nec
568 1373 628 1420 me
645 1368 792 1422 movere
804 1362 831 1445 ¹,
846 1347 914 1420 nisi
930 1347 1049 1420 omnia
1067 1355 1164 1442 dapu-

153 1479 262 1568 τηρίων
288 1480 377 1571 οὔρια
401 1471 568 1546 vidissem
586 1475 610 1545 ³.

206 1601 308 1673 ape
340 1598 526 1672 Messalae
557 1599 605 1672 ad
636 1613 673 1672 te
703 1603 853 1702 statim,
871 1613 915 1673 ut
946 1598 1089 1698 audivi,
1119 1579 1164 1672 de

153 1725 277 1827 Gyaro
293 1723 386 1799 sdedi
417 1724 556 1799 literas:
593 1738 630 1798 et
664 1724 704 1797 id
735 1726 852 1825 ipsum
868 1725 1071 1798 consilium
1096 1749 1166 1818 no-⁴

153 1867 267 1926 strum
297 1853 405 1925 etiam
437 1851 485 1925 ad
515 1852 767 1952 Hortensium,
771 1838 773 1844 ⁵
799 1853 856 1925 cui
889 1852 1034 1953 quidem
1059 1852 1166 1926 valde

154 1980 377 2108 συιηγωιίωιό
404 1978 475 2052 Sed
501 1992 579 2052 tuas
607 1978 705 2052 de
676 2005 750 2052 erus
774 1977 896 2051 iudicii
921 1979 1167 2098 sermonibus,

153 2080 191 2180 el
214 2092 416 2180 mehercule
447 2107 544 2179 omni
577 2106 622 2179 de
655 2104 713 2178 rei
738 2104 899 2224 publicae
925 2119 1019 2179 statu
1045 2092 1167 2181 literas

153 2246 339 2333 exspecto,
364 2237 416 2302 πο)
414 2239 523 2302 ,τιτικώ
510 2261 591 2330 ερον
616 2232 758 2335 quidem
784 2235 933 2335 scriptas
965 2236 1166 2336 (quoniam

153 2384 253 2432 meos
275 2385 355 2432 cum
374 2357 629 2435 Thallumeto6
646 2373 768 2435 nostro
793 2359 998 2467 pervolutas
1019 2359 1166 2463 libros),

154 2484 347 2585 eiusmodi,
380 2488 541 2588 inquam,
573 2486 713 2586 literas,
746 2513 789 2559 ex
815 2486 942 2587 quibus
967 2513 1057 2587 ego,
1089 2515 1164 2561 non

155 2611 242 2712 quid
267 2612 329 2685 fiat
355 2623 460 2701 (nam
486 2613 524 2686 id
549 2612 605 2687 vel
627 2613 907 2713 Hele111usr,vir
925 2616 1165 2714 gravissimus,

152 2752 272 2837 potest
306 2739 465 2840 efficere,
506 2740 613 2815 cliens
647 2753 771 2836 tuus),
804 2740 866 2812 sed
898 2740 984 2841 quid
1009 2741 1165 2814 futurum

155 2868 216 2968 sit,
229 2869 349 2971 ¹sciam
368 2871 393 2940 ⁸.
420 2870 540 2960 Quum
556 2870 645 2942 haec
660 2868 777 2968 leges,
806 2867 1015 2940 habebimus
1042 2894 1164 2941 consu·

152 2972 246 3090 Ῑέὲῼ
274 2995 402 3075 Omnia
427 2998 627 3095 perspicere
659 2996 811 3097 poteriS,
845 2994 890 3068 de
916 2997 1090 3095 Caesare,
1120 2994 1163 3067 de

5 3205 14 3227 .
121 3191 126 3208 ,
152 3120 345 3218 Pompeio,
371 3120 449 3192 de
441 3124 526 3220 ipsis
551 3122 748 3194 ludicris
710 3140 738 3171 ¹

206 3246 227 3318 3
254 3246 470 3321 Nostrat
411 3262 470 3320 aut
472 3275 527 3320 em
553 3251 710 3348 negotia,
732 3250 901 3350 quoniam
918 3217 1051 3320 Romae
1070 3276 1163 3322 com-

153 3373 318 3471 moraris,
351 3372 478 3446 amabo
512 3388 547 3446 te
560 3374 747 3474 ,explica
778 3376 844 3447 Cui
870 3376 920 3447 rei
945 3375 1082 3472 fugerat
1107 3401 1165 3446 me

153 3497 363 3598 rescribere,
402 3500 445 3572 de
464 3516 573 3609 ,strue
610 3501 759 3574 laterum
779 3518 819 3601 ¹¹,
850 3500 956 3601 plane
982 3527 1077 3599 rogo.
1111 3503 1165 3576 De

154 3650 244 3724 aqua
265 3641 306 3725 ¹²,
332 3629 360 3698 si
387 3616 472 3728 quid
498 3629 629 3728 poterit
655 3628 749 3727 fieri,
781 3655 823 3700 eo
851 3627 896 3700 sis
923 3630 1066 3727 animo,
1093 3654 1166 3730 quo

154 3750 246 3824 soles
272 3770 362 3828 esse:
390 3782 495 3856 quam
515 3758 544 3805 ¹3
571 3782 636 3853 ego
663 3783 771 3858 quum
796 3781 873 3829 mea
901 3769 1054 3855 sponte,
1089 3769 1167 3838 tum

154 3875 225 3952 'cuis
242 3878 462 3956 sermonibus
479 3884 623 3958 aestimo
642 3883 794 3984 plurimi.
813 3885 911 3981 Ergo
929 3881 1062 3983 aliquid
1080 3909 1166 3956 eon·
