2616 4852
498 332 670 385 ttrtsromt
696 334 809 385 ccxiv.
936 328 969 379 A.
989 332 1024 379 V.
1044 331 1073 377 C.
1094 342 1139 390 7⁰¹

571 561 733 639 CCXIV.
899 601 955 661 (ιιι
970 601 1027 652 ιιι.
1043 601 1078 662 v,
1095 594 1139 660 a)

152 715 372 833 Arguuwntuut.
399 765 424 818 1,
445 764 462 807 2
484 743 593 805 Narrat
613 741 651 803 de
671 741 763 804 rebus
782 738 949 810 Parthicis,
961 741 1116 823 petitque,
1129 749 1161 802 ut

194 856 309 915 Atticus
330 851 491 934 diligenter
511 860 609 923 curet,
636 870 674 910 ne
701 848 758 912 sibi
786 849 947 935 provincia
966 857 1161 931 prorogetur.

194 934 397 1028 {Cicerones
424 957 507 1042 apud
527 958 707 1020 Deiotarum
734 977 805 1018 esse.
826 955 847 1033 4
866 954 987 1015 Deinde
1008 955 1099 1039 petit,
1126 963 1160 1020 ut

192 1067 309 1130 Atticus
329 1064 386 1127 sibi
408 1065 566 1145 diligenter
591 1061 717 1137 scribatr
738 1063 758 1124 5
778 1062 909 1155 denique
937 1083 968 1122 se
996 1061 1080 1122 Bruti
1106 1080 1155 1120 ue

193 1176 309 1255 gotium
329 1172 427 1260 probe
448 1192 555 1236 curare
575 1168 734 1253 significat.

321 1379 375 1438 Ser.
392 1379 420 1432 iu
437 1379 525 1433 caruis
542 1378 576 1430 ad
592 1377 711 1447 Cybistra
728 1378 760 1430 Α.
777 1376 812 1430 V.
830 1376 859 1432 C.
878 1375 990 1442 occu,

525 1465 600 1519 initio
613 1467 706 1518 mensis
718 1463 788 1534 Sept.

410 1696 414 1733 ;
465 1639 611 1709 creato
636 1624 799 1715 arrico¹
815 1638 846 1702 S.

199 1860 219 1927 Ιι
251 1832 368 1924 Quam
394 1826 521 1905 vellem
546 1829 679 1901 Romae
705 1853 812 1925 esses,
838 1826 869 1900 si
893 1826 985 1927 iorte
1011 1852 1082 1902 non
1103 1829 1142 1899 es!

150 1957 248 2033 Nihil
273 1957 368 2030 enim
397 1957 484 2029 certi
518 1954 753 2053 habebamus,
777 1953 846 2026 nisi
871 1954 1141 2054 accepissemus¹

152 2098 231 2157 tuas
256 2083 374 2157 literas
400 2109 429 2154 a.
456 2080 490 2155 d.
515 2082 626 2156 ΧΠΙΙ
650 2080 728 2154 Kal.
755 2080 847 2154 Sext.
876 2079 991 2154 datas:
1021 2082 1060 2155 in
1084 2078 1144 2182 qui·

150 2209 218 2283 bus
245 2211 415 2309 scriptum
433 2222 541 2306 esset,
566 2222 602 2280 te
627 2209 664 2280 iu
688 2208 839 2307 Epirum
863 2209 997 2280 iturum
1023 2208 1145 2282 circiter

152 2335 231 2408 Kal.
257 2335 412 2408 Sextiles.
441 2334 512 2407 Sed
537 2336 611 2409 sive
636 2336 769 2408 Romae
794 2362 850 2435 cs,
875 2335 948 2408 sive
974 2336 1014 2408 in
1032 2337 1146 2436 Epiro,

152 2461 276 2536 Parthi
301 2460 539 2562 Euphrateu2
557 2463 771 2534 transierunt
797 2462 886 2535 duce
901 2463 1059 2562 Pacoro,
1076 2462 1148 2535 Ora

152 2588 210 2687 di,
235 2589 324 2688 regis
349 2587 579 2688 Parthorum,
604 2587 676 2662 filio
684 2645 695 2689 ,
720 2589 857 2662 cunctis
874 2588 944 2662 lere
963 2590 1089 2690 copiis.
1106 2584 1149 2662 Bi·

150 2714 255 2789 bulus
281 2715 442 2789 nondum
467 2715 676 2790 audiebatur
701 2742 776 2789 csse
802 2716 840 2789 in
861 2715 972 2815 Syria.
993 2714 1149 2791 Cassius³

151 2843 189 2914 in
215 2842 352 2943 oppido
378 2843 588 2917 Antiochiae
614 2869 694 2915 cum
721 2844 818 2915 omni
838 2843 1010 2943 exercitu,
1036 2842 1151 2919 nosiu

152 2969 382 3068 Cappadocia
416 2969 463 3042 ad
493 2971 650 3042 Taurum
676 2995 757 3041 cum
783 2971 955 3068 exercitu,
981 2969 1030 3042 ad
1056 2967 1150 3071 Cybi-

150 3109 241 3194 stra,
265 3095 379 3168 hostis
404 3097 442 3169 in
467 3097 708 3197 Cyrrhestica,
734 3122 824 3198 quae
841 3098 963 3198 Syriae
982 3119 1151 3198 parapro-

152 3225 246 3295 xima
280 3238 333 3296 cst
365 3225 569 3326 provinciae
600 3249 709 3298 meac.
743 3225 809 3298 His
836 3224 880 3296 de
906 3222 1012 3297 rebus
1040 3218 1149 3324 scripsi

152 3352 198 3424 ad
223 3367 399 3428 senatum:
428 3380 513 3456 quas
545 3352 681 3451 literas,
708 3353 737 3426 si
761 3354 895 3426 Romae
921 3377 977 3450 es,
1005 3348 1149 3443 videbis,

151 3493 299 3578 putesne
325 3479 540 3580 reddendas,
567 3494 603 3552 et
628 3477 756 3579 multa,
781 3480 890 3552 immo
911 3479 1053 3552 omnia:
1079 3498 1148 3578 quo·

151 3632 230 3677 rum
254 3612 434 3704 reueletur,
460 3634 505 3681 ne
532 3607 618 3708 quid
648 3609 739 3681 inter
766 3634 867 3682 caesa
892 3619 929 3679 et
952 3618 1115 3706 porrecta
1127 3599 1148 3692 l,

130 3744 193 3803 ut
217 3732 331 3831 aiunt,
357 3736 473 3808 oneris
490 3733 577 3808 mihi
602 3733 770 3833 addatur,
795 3747 857 3809 aut
882 3733 1068 3832 temporis.
1092 3727 1151 3805 Na

150 3855 206 3932 bis
231 3859 340 3959 enim,
366 3860 433 3935 hac
458 3861 661 3936 infirmitate
678 3857 851 3938 exercitus
864 3864 890 3959 ⁵,
906 3860 1032 3962 iuopia
1052 3855 1156 3932 sociu-
