<?xml version="1.0" encoding="UTF-8"?>
<!DOCTYPE html PUBLIC "-//W3C//DTD XHTML 1.0 Transitional//EN"
    "http://www.w3.org/TR/xhtml1/DTD/xhtml1-transitional.dtd">
<html xmlns="http://www.w3.org/1999/xhtml" xml:lang="en" lang="en">
 <head>
  <title>
</title>
<meta http-equiv="Content-Type" content="text/html;charset=utf-8" />
  <meta name='ocr-system' content='tesseract 3.04.00' />
  <meta name='ocr-capabilities' content='ocr_page ocr_carea ocr_par ocr_line ocrx_word'/>
</head>
<body>
  <div class='ocr_page' id='page_1' title='image "./mtulliiciceroni02cicegoog_0227.png"; bbox 0 0 2616 4852; ppageno 0'>
   <div class='ocr_carea' id='block_1_1' title="bbox 151 349 1124 1810">
    <p class='ocr_par' dir='ltr' id='par_1_1' title="bbox 151 349 1124 1810">
     <span class='ocr_line' id='line_1_1' title="bbox 155 349 1120 416; baseline -0.003 -11"><span class='ocrx_word' id='word_1_1' title='bbox 155 360 223 405; x_wconf 82' lang='lat'>222</span> <span class='ocrx_word' id='word_1_2' title='bbox 470 349 638 399; x_wconf 72' lang='grc' dir='ltr'>ειηετοιΛ</span> <span class='ocrx_word' id='word_1_3' title='bbox 665 352 799 399; x_wconf 82' lang='lat' dir='ltr'>ccxxxi.</span> <span class='ocrx_word' id='word_1_4' title='bbox 930 352 962 399; x_wconf 76' lang='grc' dir='ltr'>Α.</span> <span class='ocrx_word' id='word_1_5' title='bbox 975 353 1010 402; x_wconf 83' lang='lat' dir='ltr'>v.</span> <span class='ocrx_word' id='word_1_6' title='bbox 1028 354 1057 402; x_wconf 89' lang='lat' dir='ltr'>c.</span> <span class='ocrx_word' id='word_1_7' title='bbox 1075 366 1120 416; x_wconf 72' lang='lat'>7⁰²</span> 
     </span>
     <span class='ocr_line' id='line_1_2' title="bbox 151 452 1123 552; baseline 0 -23"><span class='ocrx_word' id='word_1_8' title='bbox 151 459 286 531; x_wconf 82' lang='lat' dir='ltr'>faciant.</span> <span class='ocrx_word' id='word_1_9' title='bbox 323 454 447 528; x_wconf 85' lang='lat' dir='ltr'>Caunii</span> <span class='ocrx_word' id='word_1_10' title='bbox 478 465 657 552; x_wconf 81' lang='lat' dir='ltr'>praeterea</span> <span class='ocrx_word' id='word_1_11' title='bbox 695 452 847 551; x_wconf 85' lang='lat' dir='ltr'>debent,</span> <span class='ocrx_word' id='word_1_12' title='bbox 883 453 947 526; x_wconf 88' lang='lat' dir='ltr'>sed</span> <span class='ocrx_word' id='word_1_13' title='bbox 980 455 1080 528; x_wconf 82' lang='lat' dir='ltr'>aiunt</span> <span class='ocrx_word' id='word_1_14' title='bbox 1109 483 1123 529; x_wconf 93' lang='lat' dir='ltr'>s</span> 
     </span>
     <span class='ocr_line' id='line_1_3' title="bbox 153 560 1124 684; baseline -0.001 -28"><span class='ocrx_word' id='word_1_15' title='bbox 153 585 348 684; x_wconf 80' lang='lat' dir='ltr'><strong>depositam</strong></span> <span class='ocrx_word' id='word_1_16' title='bbox 380 579 565 680; x_wconf 87' lang='lat' dir='ltr'>pecuniam</span> <span class='ocrx_word' id='word_1_17' title='bbox 598 577 767 651; x_wconf 84' lang='lat' dir='ltr'>habuisse.</span> <span class='ocrx_word' id='word_1_18' title='bbox 806 577 850 652; x_wconf 92' lang='lat' dir='ltr'>Id</span> <span class='ocrx_word' id='word_1_19' title='bbox 881 578 988 653; x_wconf 87' lang='lat' dir='ltr'>velim</span> <span class='ocrx_word' id='word_1_20' title='bbox 1019 560 1124 680; x_wconf 81' lang='lat' dir='ltr'>cogno</span> 
     </span>
     <span class='ocr_line' id='line_1_4' title="bbox 152 704 1124 807; baseline -0.009 -24"><span class='ocrx_word' id='word_1_21' title='bbox 152 737 249 807; x_wconf 89' lang='lat' dir='ltr'>scas,</span> <span class='ocrx_word' id='word_1_22' title='bbox 281 721 333 806; x_wconf 80' lang='lat' dir='ltr'>et,</span> <span class='ocrx_word' id='word_1_23' title='bbox 364 707 394 780; x_wconf 90' lang='lat' dir='ltr'>si</span> <span class='ocrx_word' id='word_1_24' title='bbox 424 704 653 802; x_wconf 83' lang='lat' dir='ltr'>intellexen’s,</span> <span class='ocrx_word' id='word_1_25' title='bbox 690 731 749 777; x_wconf 87' lang='lat' dir='ltr'>eos</span> <span class='ocrx_word' id='word_1_26' title='bbox 781 730 894 805; x_wconf 89' lang='lat' dir='ltr'>neque</span> <span class='ocrx_word' id='word_1_27' title='bbox 920 731 963 777; x_wconf 84' lang='lat' dir='ltr'>ex</span> <span class='ocrx_word' id='word_1_28' title='bbox 989 706 1124 780; x_wconf 75' lang='lat' dir='ltr'>edicto:</span> 
     </span>
     <span class='ocr_line' id='line_1_5' title="bbox 152 829 1124 936; baseline -0.002 -28"><span class='ocrx_word' id='word_1_29' title='bbox 152 862 265 936; x_wconf 90' lang='lat' dir='ltr'>neque</span> <span class='ocrx_word' id='word_1_30' title='bbox 291 860 332 905; x_wconf 88' lang='lat' dir='ltr'>ex</span> <span class='ocrx_word' id='word_1_31' title='bbox 358 832 499 904; x_wconf 84' lang='lat' dir='ltr'>decreto</span> <span class='ocrx_word' id='word_1_32' title='bbox 533 830 729 929; x_wconf 80' lang='lat' dir='ltr'><strong>depositam</strong></span> <span class='ocrx_word' id='word_1_33' title='bbox 762 829 940 929; x_wconf 87' lang='lat' dir='ltr'>habuisse,</span> <span class='ocrx_word' id='word_1_34' title='bbox 975 831 1038 905; x_wconf 91' lang='lat' dir='ltr'>des</span> <span class='ocrx_word' id='word_1_35' title='bbox 1066 857 1124 932; x_wconf 86' lang='lat' dir='ltr'>ope</span> 
     </span>
     <span class='ocr_line' id='line_1_6' title="bbox 152 956 1124 1057; baseline -0.004 -24"><span class='ocrx_word' id='word_1_36' title='bbox 152 987 243 1057; x_wconf 86' lang='lat' dir='ltr'>ram,</span> <span class='ocrx_word' id='word_1_37' title='bbox 267 971 307 1029; x_wconf 85' lang='lat' dir='ltr'>ut</span> <span class='ocrx_word' id='word_1_38' title='bbox 332 983 455 1030; x_wconf 86' lang='lat' dir='ltr'>usurae</span> <span class='ocrx_word' id='word_1_39' title='bbox 480 956 624 1055; x_wconf 88' lang='lat' dir='ltr'>Cluvio,</span> <span class='ocrx_word' id='word_1_40' title='bbox 648 957 808 1028; x_wconf 79' lang='lat' dir='ltr'>instituto</span> <span class='ocrx_word' id='word_1_41' title='bbox 834 969 913 1054; x_wconf 86' lang='lat' dir='ltr'>tun,</span> <span class='ocrx_word' id='word_1_42' title='bbox 943 982 1124 1031; x_wconf 82' lang='lat' dir='ltr'>conservet</span> 
     </span>
     <span class='ocr_line' id='line_1_7' title="bbox 154 1081 1124 1182; baseline -0.005 -24"><span class='ocrx_word' id='word_1_43' title='bbox 154 1100 217 1158; x_wconf 79' lang='lat' dir='ltr'>tur.</span> <span class='ocrx_word' id='word_1_44' title='bbox 242 1085 306 1158; x_wconf 92' lang='lat' dir='ltr'>His</span> <span class='ocrx_word' id='word_1_45' title='bbox 333 1084 376 1156; x_wconf 94' lang='lat' dir='ltr'>de</span> <span class='ocrx_word' id='word_1_46' title='bbox 401 1083 505 1156; x_wconf 88' lang='lat' dir='ltr'>rebus</span> <span class='ocrx_word' id='word_1_47' title='bbox 531 1109 573 1155; x_wconf 92' lang='lat' dir='ltr'>eo</span> <span class='ocrx_word' id='word_1_48' title='bbox 605 1084 713 1180; x_wconf 84' lang='lat' dir='ltr'>magis</span> <span class='ocrx_word' id='word_1_49' title='bbox 744 1081 885 1179; x_wconf 86' lang='lat' dir='ltr'>laboro,</span> <span class='ocrx_word' id='word_1_50' title='bbox 915 1082 1012 1182; x_wconf 90' lang='lat' dir='ltr'>quod</span> <span class='ocrx_word' id='word_1_51' title='bbox 1038 1084 1124 1180; x_wconf 84' lang='lat' dir='ltr'>agitu</span> 
     </span>
     <span class='ocr_line' id='line_1_8' title="bbox 153 1208 1124 1308; baseline -0.002 -26"><span class='ocrx_word' id='word_1_52' title='bbox 153 1237 206 1283; x_wconf 84' lang='lat' dir='ltr'>res</span> <span class='ocrx_word' id='word_1_53' title='bbox 232 1212 296 1284; x_wconf 87' lang='lat' dir='ltr'>Cn·</span> <span class='ocrx_word' id='word_1_54' title='bbox 319 1210 493 1308; x_wconf 88' lang='lat' dir='ltr'>Pompeii,</span> <span class='ocrx_word' id='word_1_55' title='bbox 519 1210 623 1283; x_wconf 84' lang='lat' dir='ltr'>etiam</span> <span class='ocrx_word' id='word_1_56' title='bbox 646 1209 758 1282; x_wconf 86' lang='lat' dir='ltr'><strong>nostri</strong></span> <span class='ocrx_word' id='word_1_57' title='bbox 782 1208 982 1305; x_wconf 70' lang='lat' dir='ltr'>necessarii,</span> <span class='ocrx_word' id='word_1_58' title='bbox 1000 1221 1036 1278; x_wconf 85' lang='lat' dir='ltr'>et</span> <span class='ocrx_word' id='word_1_59' title='bbox 1054 1232 1124 1308; x_wconf 83' lang='lat' dir='ltr'>qun</span> 
     </span>
     <span class='ocr_line' id='line_1_9' title="bbox 152 1333 1124 1434; baseline -0.004 -26"><span class='ocrx_word' id='word_1_60' title='bbox 152 1337 181 1408; x_wconf 95' lang='lat' dir='ltr'>is</span> <span class='ocrx_word' id='word_1_61' title='bbox 205 1336 445 1434; x_wconf 83' lang='lat' dir='ltr'>magisetiam</span> <span class='ocrx_word' id='word_1_62' title='bbox 470 1335 556 1407; x_wconf 92' lang='lat' dir='ltr'>mihi</span> <span class='ocrx_word' id='word_1_63' title='bbox 580 1334 739 1408; x_wconf 85' lang='lat' dir='ltr'>laborare</span> <span class='ocrx_word' id='word_1_64' title='bbox 764 1333 922 1432; x_wconf 83' lang='lat' dir='ltr'>videtur,</span> <span class='ocrx_word' id='word_1_65' title='bbox 941 1359 1047 1434; x_wconf 83' lang='lat' dir='ltr'>quem</span> <span class='ocrx_word' id='word_1_66' title='bbox 1073 1333 1124 1432; x_wconf 91' lang='lat' dir='ltr'>ips</span> 
     </span>
     <span class='ocr_line' id='line_1_10' title="bbox 153 1457 1124 1535; baseline -0.004 -1"><span class='ocrx_word' id='word_1_67' title='bbox 153 1460 315 1535; x_wconf 90' lang='lat' dir='ltr'>Cluvius:</span> <span class='ocrx_word' id='word_1_68' title='bbox 341 1461 398 1532; x_wconf 89' lang='lat' dir='ltr'>cui</span> <span class='ocrx_word' id='word_1_69' title='bbox 422 1460 635 1533; x_wconf 79' lang='lat' dir='ltr'>satisfactum</span> <span class='ocrx_word' id='word_1_70' title='bbox 661 1486 736 1532; x_wconf 90' lang='lat' dir='ltr'>esse</span> <span class='ocrx_word' id='word_1_71' title='bbox 761 1487 781 1532; x_wconf 87' lang='lat' dir='ltr'>a</span> <span class='ocrx_word' id='word_1_72' title='bbox 805 1459 908 1532; x_wconf 90' lang='lat' dir='ltr'>nobis</span> <span class='ocrx_word' id='word_1_73' title='bbox 934 1457 1039 1531; x_wconf 86' lang='lat' dir='ltr'>valde</span> <span class='ocrx_word' id='word_1_74' title='bbox 1056 1457 1124 1532; x_wconf 73' lang='lat' dir='ltr'>volt</span> 
     </span>
     <span class='ocr_line' id='line_1_11' title="bbox 152 1583 1124 1685; baseline -0.004 -27"><span class='ocrx_word' id='word_1_75' title='bbox 152 1585 217 1659; x_wconf 92' lang='lat' dir='ltr'>His</span> <span class='ocrx_word' id='word_1_76' title='bbox 243 1586 286 1658; x_wconf 94' lang='lat' dir='ltr'>de</span> <span class='ocrx_word' id='word_1_77' title='bbox 318 1585 421 1659; x_wconf 89' lang='lat' dir='ltr'>rebus</span> <span class='ocrx_word' id='word_1_78' title='bbox 454 1599 489 1658; x_wconf 85' lang='lat' dir='ltr'>te</span> <span class='ocrx_word' id='word_1_79' title='bbox 522 1586 745 1659; x_wconf 80' lang='lat' dir='ltr'>vehementer</span> <span class='ocrx_word' id='word_1_80' title='bbox 777 1589 882 1659; x_wconf 77' lang='lat' dir='ltr'>etiam</span> <span class='ocrx_word' id='word_1_81' title='bbox 913 1598 1020 1685; x_wconf 85' lang='lat' dir='ltr'>atque</span> <span class='ocrx_word' id='word_1_82' title='bbox 1045 1583 1124 1656; x_wconf 83' lang='lat' dir='ltr'>etian</span> 
     </span>
     <span class='ocr_line' id='line_1_12' title="bbox 153 1711 370 1810; baseline 0 -25"><span class='ocrx_word' id='word_1_83' title='bbox 153 1738 247 1810; x_wconf 84' lang='lat' dir='ltr'><strong>rogo.</strong></span> <span class='ocrx_word' id='word_1_84' title='bbox 273 1711 370 1786; x_wconf 83' lang='lat' dir='ltr'>Vale.</span> 
     </span>
    </p>
   </div>
   <div class='ocr_carea' id='block_1_2' title="bbox 541 1964 1117 2064">
    <p class='ocr_par' dir='ltr' id='par_1_2' title="bbox 541 1964 1117 2064">
     <span class='ocr_line' id='line_1_13' title="bbox 541 1964 1117 2064; baseline 0.009 -21"><span class='ocrx_word' id='word_1_85' title='bbox 541 1964 758 2038; x_wconf 71' lang='lat' dir='ltr'>CCXXXII·</span> <span class='ocrx_word' id='word_1_86' title='bbox 853 2005 910 2063; x_wconf 76' lang='lat' dir='ltr'>(ne</span> <span class='ocrx_word' id='word_1_87' title='bbox 926 2005 979 2051; x_wconf 75' lang='lat' dir='ltr'>nn.</span> <span class='ocrx_word' id='word_1_88' title='bbox 996 2004 1060 2064; x_wconf 77' lang='lat' dir='ltr'>xus,</span> <span class='ocrx_word' id='word_1_89' title='bbox 1076 2004 1117 2059; x_wconf 76' lang='lat' dir='ltr'>ss)</span> 
     </span>
    </p>
   </div>
   <div class='ocr_carea' id='block_1_3' title="bbox 153 2141 1124 2330">
    <p class='ocr_par' dir='ltr' id='par_1_3' title="bbox 153 2141 1124 2330">
     <span class='ocr_line' id='line_1_14' title="bbox 153 2141 1124 2224; baseline -0.002 -23"><span class='ocrx_word' id='word_1_90' title='bbox 153 2143 372 2222; x_wconf 79' lang='lat' dir='ltr'><strong><em>Argumentum.</em></strong></span> <span class='ocrx_word' id='word_1_91' title='bbox 394 2146 542 2212; x_wconf 78' lang='lat' dir='ltr'>Anneium</span> <span class='ocrx_word' id='word_1_92' title='bbox 563 2142 768 2214; x_wconf 84' lang='lat' dir='ltr'><strong>commendat,</strong></span> <span class='ocrx_word' id='word_1_93' title='bbox 781 2141 913 2223; x_wconf 81' lang='lat' dir='ltr'>legatum</span> <span class='ocrx_word' id='word_1_94' title='bbox 939 2161 1027 2201; x_wconf 90' lang='lat' dir='ltr'>suum</span> <span class='ocrx_word' id='word_1_95' title='bbox 1036 2186 1046 2215; x_wconf 89' lang='lat'><em>‚</em></span> <span class='ocrx_word' id='word_1_96' title='bbox 1058 2160 1124 2224; x_wconf 85' lang='lat' dir='ltr'>prae</span> 
     </span>
     <span class='ocr_line' id='line_1_15' title="bbox 186 2244 618 2330; baseline 0.007 -23"><span class='ocrx_word' id='word_1_97' title='bbox 186 2244 281 2330; x_wconf 68' lang='lat' dir='ltr'>&#39;cipue</span> <span class='ocrx_word' id='word_1_98' title='bbox 300 2250 332 2308; x_wconf 92' lang='lat' dir='ltr'>in</span> <span class='ocrx_word' id='word_1_99' title='bbox 353 2270 442 2309; x_wconf 86' lang='lat' dir='ltr'>causa</span> <span class='ocrx_word' id='word_1_100' title='bbox 463 2248 618 2311; x_wconf 70' lang='lat' dir='ltr'>Sardiano.</span> 
     </span>
    </p>
   </div>
   <div class='ocr_carea' id='block_1_4' title="bbox 161 2432 173 2464">
    <p class='ocr_par' dir='ltr' id='par_1_4' title="bbox 161 2432 173 2464">
     <span class='ocr_line' id='line_1_16' title="bbox 161 2432 173 2464; baseline 0 0"><span class='ocrx_word' id='word_1_101' title='bbox 161 2432 173 2464; x_wconf 55' lang='lat' dir='ltr'>i</span> 
     </span>
    </p>
   </div>
   <div class='ocr_carea' id='block_1_5' title="bbox 253 2455 1026 2523">
    <p class='ocr_par' dir='ltr' id='par_1_5' title="bbox 253 2455 1026 2523">
     <span class='ocr_line' id='line_1_17' title="bbox 253 2455 1026 2523; baseline 0.001 -16"><span class='ocrx_word' id='word_1_102' title='bbox 253 2455 306 2509; x_wconf 87' lang='lat' dir='ltr'>Ser.</span> <span class='ocrx_word' id='word_1_103' title='bbox 326 2456 353 2507; x_wconf 89' lang='lat' dir='ltr'>in</span> <span class='ocrx_word' id='word_1_104' title='bbox 371 2455 458 2508; x_wconf 78' lang='lat' dir='ltr'>Cilicia</span> <span class='ocrx_word' id='word_1_105' title='bbox 476 2456 505 2512; x_wconf 78' lang='grc' dir='ltr'>Α.</span> <span class='ocrx_word' id='word_1_106' title='bbox 524 2455 556 2508; x_wconf 89' lang='lat' dir='ltr'>V.</span> <span class='ocrx_word' id='word_1_107' title='bbox 575 2455 603 2508; x_wconf 67' lang='lat' dir='ltr'>(L</span> <span class='ocrx_word' id='word_1_108' title='bbox 622 2457 734 2523; x_wconf 80' lang='lat' dir='ltr'>DCOEl,</span> <span class='ocrx_word' id='word_1_109' title='bbox 752 2465 863 2509; x_wconf 76' lang='lat' dir='ltr'>exeunte</span> <span class='ocrx_word' id='word_1_110' title='bbox 881 2456 1026 2510; x_wconf 84' lang='lat' dir='ltr'>Decembri.</span> 
     </span>
    </p>
   </div>
   <div class='ocr_carea' id='block_1_6' title="bbox 298 2654 1000 2719">
    <p class='ocr_par' dir='ltr' id='par_1_6' title="bbox 298 2654 1000 2719">
     <span class='ocr_line' id='line_1_18' title="bbox 298 2654 1000 2719; baseline -0.001 -2"><span class='ocrx_word' id='word_1_111' title='bbox 298 2655 341 2717; x_wconf 89' lang='lat' dir='ltr'>lll.</span> <span class='ocrx_word' id='word_1_112' title='bbox 359 2656 394 2717; x_wconf 86' lang='lat' dir='ltr'>T.</span> <span class='ocrx_word' id='word_1_113' title='bbox 412 2654 556 2718; x_wconf 81' lang='lat' dir='ltr'>CICERO</span> <span class='ocrx_word' id='word_1_114' title='bbox 574 2655 741 2718; x_wconf 86' lang='lat' dir='ltr'>THERMO</span> <span class='ocrx_word' id='word_1_115' title='bbox 759 2654 897 2719; x_wconf 82' lang='lat' dir='ltr'>PROPR.</span> <span class='ocrx_word' id='word_1_116' title='bbox 916 2654 945 2717; x_wconf 89' lang='lat' dir='ltr'>S.</span> <span class='ocrx_word' id='word_1_117' title='bbox 962 2655 1000 2716; x_wconf 89' lang='lat' dir='ltr'>D.</span> 
     </span>
    </p>
   </div>
   <div class='ocr_carea' id='block_1_7' title="bbox 153 2840 1124 3825">
    <p class='ocr_par' dir='ltr' id='par_1_7' title="bbox 153 2840 1124 3825">
     <span class='ocr_line' id='line_1_19' title="bbox 202 2840 1124 2943; baseline -0.001 -28"><span class='ocrx_word' id='word_1_118' title='bbox 202 2845 278 2915; x_wconf 77' lang='lat' dir='ltr'>Etsi</span> <span class='ocrx_word' id='word_1_119' title='bbox 296 2842 382 2914; x_wconf 92' lang='lat' dir='ltr'>mihi</span> <span class='ocrx_word' id='word_1_120' title='bbox 400 2842 521 2916; x_wconf 88' lang='lat' dir='ltr'>videor</span> <span class='ocrx_word' id='word_1_121' title='bbox 533 2840 755 2941; x_wconf 71' lang='lat' dir='ltr'>intellexisse,</span> <span class='ocrx_word' id='word_1_122' title='bbox 773 2870 879 2943; x_wconf 91' lang='lat' dir='ltr'>quum</span> <span class='ocrx_word' id='word_1_123' title='bbox 897 2858 1014 2916; x_wconf 86' lang='lat' dir='ltr'>tecum</span> <span class='ocrx_word' id='word_1_124' title='bbox 1030 2842 1124 2942; x_wconf 80' lang='lat' dir='ltr'>Ephe</span> 
     </span>
     <span class='ocr_line' id='line_1_20' title="bbox 154 2966 1124 3066; baseline 0.004 -27"><span class='ocrx_word' id='word_1_125' title='bbox 154 2971 213 3040; x_wconf 91' lang='lat' dir='ltr'>si¹</span> <span class='ocrx_word' id='word_1_126' title='bbox 242 2969 285 3040; x_wconf 83' lang='lat' dir='ltr'>de</span> <span class='ocrx_word' id='word_1_127' title='bbox 311 2994 347 3041; x_wconf 85' lang='lat' dir='ltr'>re</span> <span class='ocrx_word' id='word_1_128' title='bbox 373 2969 419 3040; x_wconf 89' lang='lat' dir='ltr'>M.</span> <span class='ocrx_word' id='word_1_129' title='bbox 445 2968 588 3065; x_wconf 87' lang='lat' dir='ltr'>Anneii,</span> <span class='ocrx_word' id='word_1_130' title='bbox 619 2966 724 3066; x_wconf 83' lang='lat' dir='ltr'>legati</span> <span class='ocrx_word' id='word_1_131' title='bbox 755 2970 845 3066; x_wconf 88' lang='lat' dir='ltr'>mei,</span> <span class='ocrx_word' id='word_1_132' title='bbox 878 2968 1016 3042; x_wconf 82' lang='lat' dir='ltr'>locutus</span> <span class='ocrx_word' id='word_1_133' title='bbox 1050 2997 1124 3043; x_wconf 91' lang='lat' dir='ltr'>snm</span> 
     </span>
     <span class='ocr_line' id='line_1_21' title="bbox 155 3093 1124 3193; baseline 0.001 -28"><span class='ocrx_word' id='word_1_134' title='bbox 155 3108 189 3165; x_wconf 77' lang='lat' dir='ltr'>le</span> <span class='ocrx_word' id='word_1_135' title='bbox 214 3096 321 3191; x_wconf 88' lang='lat' dir='ltr'>ipsius</span> <span class='ocrx_word' id='word_1_136' title='bbox 355 3119 457 3165; x_wconf 84' lang='lat' dir='ltr'>causa</span> <span class='ocrx_word' id='word_1_137' title='bbox 490 3093 714 3169; x_wconf 81' lang='lat' dir='ltr'>vehementer</span> <span class='ocrx_word' id='word_1_138' title='bbox 745 3097 862 3167; x_wconf 87' lang='lat' dir='ltr'>omnia</span> <span class='ocrx_word' id='word_1_139' title='bbox 893 3094 998 3193; x_wconf 75' lang='lat' dir='ltr'>velle,</span> <span class='ocrx_word' id='word_1_140' title='bbox 1031 3111 1124 3169; x_wconf 81' lang='lat' dir='ltr'>tame:</span> 
     </span>
     <span class='ocr_line' id='line_1_22' title="bbox 154 3218 1124 3320; baseline 0.002 -30"><span class='ocrx_word' id='word_1_141' title='bbox 154 3230 190 3290; x_wconf 80' lang='lat' dir='ltr'>et</span> <span class='ocrx_word' id='word_1_142' title='bbox 215 3219 260 3288; x_wconf 87' lang='lat' dir='ltr'>M.</span> <span class='ocrx_word' id='word_1_143' title='bbox 286 3218 460 3289; x_wconf 87' lang='lat' dir='ltr'>Anneium</span> <span class='ocrx_word' id='word_1_144' title='bbox 486 3220 573 3290; x_wconf 80' lang='lat' dir='ltr'>tanti</span> <span class='ocrx_word' id='word_1_145' title='bbox 600 3219 709 3318; x_wconf 80' lang='lat' dir='ltr'>lucio,</span> <span class='ocrx_word' id='word_1_146' title='bbox 739 3233 779 3291; x_wconf 82' lang='lat' dir='ltr'>ut</span> <span class='ocrx_word' id='word_1_147' title='bbox 803 3219 887 3292; x_wconf 90' lang='lat' dir='ltr'>mihi</span> <span class='ocrx_word' id='word_1_148' title='bbox 913 3220 1002 3292; x_wconf 91' lang='lat' dir='ltr'>nihil</span> <span class='ocrx_word' id='word_1_149' title='bbox 1026 3236 1124 3320; x_wconf 80' lang='lat' dir='ltr'>putei</span> 
     </span>
     <span class='ocr_line' id='line_1_23' title="bbox 153 3343 1103 3446; baseline 0.005 -32"><span class='ocrx_word' id='word_1_150' title='bbox 153 3343 523 3443; x_wconf 80' lang='lat' dir='ltr'>praetermittendum,</span> <span class='ocrx_word' id='word_1_151' title='bbox 557 3345 654 3446; x_wconf 88' lang='lat' dir='ltr'>quod</span> <span class='ocrx_word' id='word_1_152' title='bbox 688 3345 777 3418; x_wconf 92' lang='lat' dir='ltr'>illins</span> <span class='ocrx_word' id='word_1_153' title='bbox 807 3347 959 3444; x_wconf 79' lang='lat' dir='ltr'>intersit,</span> <span class='ocrx_word' id='word_1_154' title='bbox 986 3361 1021 3419; x_wconf 85' lang='lat' dir='ltr'>et</span> <span class='ocrx_word' id='word_1_155' title='bbox 1047 3374 1103 3419; x_wconf 89' lang='lat' dir='ltr'>me</span> 
     </span>
     <span class='ocr_line' id='line_1_24' title="bbox 155 3470 1122 3573; baseline 0.005 -34"><span class='ocrx_word' id='word_1_156' title='bbox 155 3481 190 3539; x_wconf 90' lang='lat' dir='ltr'>te</span> <span class='ocrx_word' id='word_1_157' title='bbox 223 3470 309 3541; x_wconf 75' lang='lat' dir='ltr'>tanti</span> <span class='ocrx_word' id='word_1_158' title='bbox 342 3471 415 3541; x_wconf 79' lang='lat' dir='ltr'>fieri</span> <span class='ocrx_word' id='word_1_159' title='bbox 448 3485 559 3569; x_wconf 82' lang='lat' dir='ltr'>puto,</span> <span class='ocrx_word' id='word_1_160' title='bbox 589 3487 628 3543; x_wconf 83' lang='lat' dir='ltr'>ut</span> <span class='ocrx_word' id='word_1_161' title='bbox 665 3497 738 3545; x_wconf 90' lang='lat' dir='ltr'>non</span> <span class='ocrx_word' id='word_1_162' title='bbox 762 3471 951 3571; x_wconf 82' lang='lat' dir='ltr'>dubitem,</span> <span class='ocrx_word' id='word_1_163' title='bbox 976 3473 1070 3573; x_wconf 84' lang='lat' dir='ltr'>-quin</span> <span class='ocrx_word' id='word_1_164' title='bbox 1103 3498 1122 3544; x_wconf 80' lang='lat' dir='ltr'>a</span> 
     </span>
     <span class='ocr_line' id='line_1_25' title="bbox 155 3595 1124 3696; baseline 0.007 -32"><span class='ocrx_word' id='word_1_165' title='bbox 155 3608 249 3665; x_wconf 81' lang='lat' dir='ltr'>tuem</span> <span class='ocrx_word' id='word_1_166' title='bbox 277 3595 492 3669; x_wconf 78' lang='lat' dir='ltr'>voluntatem</span> <span class='ocrx_word' id='word_1_167' title='bbox 523 3625 668 3696; x_wconf 81' lang='lat' dir='ltr'>magnus</span> <span class='ocrx_word' id='word_1_168' title='bbox 697 3598 853 3672; x_wconf 89' lang='lat' dir='ltr'>cumulus</span> <span class='ocrx_word' id='word_1_169' title='bbox 880 3599 1026 3673; x_wconf 79' lang='lat' dir='ltr'>accedat</span> <span class='ocrx_word' id='word_1_170' title='bbox 1053 3623 1124 3671; x_wconf 82' lang='lat' dir='ltr'>con</span> 
     </span>
     <span class='ocr_line' id='line_1_26' title="bbox 153 3721 1124 3825; baseline 0.004 -35"><span class='ocrx_word' id='word_1_171' title='bbox 153 3721 386 3795; x_wconf 78' lang='lat' dir='ltr'>mendationis</span> <span class='ocrx_word' id='word_1_172' title='bbox 412 3751 517 3796; x_wconf 85' lang='lat' dir='ltr'>meae.</span> <span class='ocrx_word' id='word_1_173' title='bbox 544 3725 634 3797; x_wconf 84' lang='lat' dir='ltr'>Nam</span> <span class='ocrx_word' id='word_1_174' title='bbox 661 3753 767 3825; x_wconf 90' lang='lat' dir='ltr'>quum</span> <span class='ocrx_word' id='word_1_175' title='bbox 792 3727 862 3798; x_wconf 86' lang='lat' dir='ltr'>iam</span> <span class='ocrx_word' id='word_1_176' title='bbox 888 3726 948 3798; x_wconf 91' lang='lat' dir='ltr'>diu</span> <span class='ocrx_word' id='word_1_177' title='bbox 970 3725 1124 3823; x_wconf 74' lang='lat' dir='ltr'>diligere!</span> 
     </span>
    </p>
   </div>
   <div class='ocr_carea' id='block_1_8' title="bbox 157 3847 1124 3950">
    <p class='ocr_par' dir='ltr' id='par_1_8' title="bbox 157 3847 1124 3950">
     <span class='ocr_line' id='line_1_27' title="bbox 157 3847 1124 3950; baseline 0.004 -32"><span class='ocrx_word' id='word_1_178' title='bbox 157 3847 201 3918; x_wconf 90' lang='grc' dir='ltr'>Μ.</span> <span class='ocrx_word' id='word_1_179' title='bbox 228 3848 422 3946; x_wconf 81' lang='lat' dir='ltr'>Anneium,</span> <span class='ocrx_word' id='word_1_180' title='bbox 455 3851 567 3950; x_wconf 88' lang='lat' dir='ltr'>deque</span> <span class='ocrx_word' id='word_1_181' title='bbox 600 3878 642 3924; x_wconf 87' lang='lat' dir='ltr'>eo</span> <span class='ocrx_word' id='word_1_182' title='bbox 675 3853 723 3924; x_wconf 86' lang='lat' dir='ltr'>sie</span> <span class='ocrx_word' id='word_1_183' title='bbox 750 3853 1003 3950; x_wconf 80' lang='lat' dir='ltr'>existimarem,</span> <span class='ocrx_word' id='word_1_184' title='bbox 1027 3865 1067 3923; x_wconf 74' lang='lat' dir='ltr'>ut</span> <span class='ocrx_word' id='word_1_185' title='bbox 1090 3874 1124 3922; x_wconf 72' lang='lat' dir='ltr'>r«</span> 
     </span>
    </p>
   </div>
   <div class='ocr_carea' id='block_1_9' title="bbox 0 0 1315 4852">
    <p class='ocr_par' dir='ltr' id='par_1_9' title="bbox 0 0 1315 4852">
     <span class='ocr_line' id='line_1_28' title="bbox 0 0 1315 4852; baseline 0 0"><span class='ocrx_word' id='word_1_186' title='bbox 0 0 1315 4852; x_wconf 95' lang='lat' dir='ltr'> </span> 
     </span>
    </p>
   </div>
  </div>
 </body>
</html>
