2616 4852
141 337 213 429 402
504 344 777 396 annonarrouns

176 457 263 541 plebe
275 452 434 534 distingui,
446 458 480 509 ut
490 451 606 532 primus
620 465 723 507 omnes
734 446 797 504 sive
807 443 961 526 patricios,
974 443 1038 502 sive
1050 463 1126 522 eque

179 573 269 634 stres,
282 563 344 620 sive
356 556 506 641 plebeios,
525 551 805 637 comprehenderit,
818 549 916 610 altera
928 548 1063 631 plebeios
1076 561 1130 609 tan-

179 680 245 729 tum
265 666 411 726 homines.
432 664 458 723 A
478 662 539 722 Zel.
561 664 586 721 Α
606 659 691 720 abest
710 656 839 719 alterum
853 654 915 729 αάς
932 667 1011 716 tum·
1023 655 1068 718 ed.
1086 657 1134 717 llo.

179 773 223 833 ad
238 774 387 856 plebemse
406 768 507 851 resero
523 789 598 849 opus
617 788 642 827 e.

143 881 183 958 43
205 881 286 940 Inter
306 897 357 938 eos
377 875 504 947 scilieet,
530 876 592 935 sive
617 873 753 934 consules
779 873 855 946 sint,
880 873 945 934 sive
972 882 1138 956 praetores,

183 984 357 1066 tribunique
376 984 433 1067 pt,
458 981 569 1064 quibus
595 980 707 1041 referre
733 988 945 1062 opportunum
976 979 1139 1055 videretur3

183 1090 226 1152 sic
245 1090 349 1173 paullo
369 1109 473 1172 supra:
494 1089 548 1172 qui
569 1108 677 1149 eorum.
704 1084 857 1148 Corradus
884 1097 921 1145 e'x
947 1083 1045 1146 Probi
1069 1087 1139 1145 notis

184 1195 393 1279 suspicabatur
412 1194 586 1275 legendum:
607 1183 689 1276 quod
706 1193 748 1254 eis
760 1213 803 1264 v.,·
815 1204 872 1252 nee
886 1193 1015 1253 fortasse
1030 1193 1138 1266 inscite3

184 1306 320 1384 sequitur
345 1304 424 1363 enim
455 1300 538 1384 quod
561 1303 583 1361 ii
606 1321 664 1360 nou
688 1301 828 1361 tulissent.
851 1298 959 1381 Vulgo
988 1290 1138 1380 tribunique

182 1409 225 1490 pt
252 1420 307 1469 etc.
329 1408 381 1468 sed
401 1407 537 1468 enclitica
555 1420 613 1490 que
632 1405 739 1466 melius
758 1404 844 1466 abest
862 1403 903 1464 ab
923 1404 972 1465 ed
987 1404 1060 1477 uo„
1072 1405 1139 1464 aliie

185 1536 254 1596 que.
274 1515 346 1575 Mox
367 1516 502 1597 suspicor
521 1525 585 1574 esse
605 1511 749 1574 mendum
771 1513 802 1572 in·
816 1509 911 1574 verbo
927 1503 1084 1594 referrem
1102 1531 1138 1571 re

187 1623 264 1681 cuns
285 1620 423 1681 Olivetus
433 1619 566 1702 fierrenu
584 1638 656 1680 uam
676 1619 755 1678 infra
768 1628 812 1679 ast
828 1617 977 1692 tulissent,
995 1619 1139 1680 etiterum

181 1727 306 1809 ferrent.
1175 1780 1177 1786 ,

149 1833 190 1910 ll
210 1833 312 1914 Vulgo
326 1831 426 1893 editur
437 1832 472 1891 L.
486 1832 541 1907 V.;
556 1830 607 1892 sed
622 1831 695 1914 quid
708 1830 855 1913 significet
868 1830 1007 1914 expediri
1021 1851 1085 1892 uon
1096 1852 1139 1915 po·

190 1947 256 1999 test.
277 1940 311 1999 Iu
332 1938 447 2020 Sigonii
467 1937 548 1998 libro
566 1939 624 1999 luit
642 1932 742 2011 LN.;
761 1936 843 1999 unde
855 1938 1013 1999 Manutius
1027 1938 1139 2000 coniecit

189 2043 381 2105 scribendum
396 2044 489 2116 Lu,
503 2045 579 2106 idest
599 2037 809 2117 intercessum
828 2044 1011 2106 Benedictus
1030 2045 1057 2106 I.
1072 2044 1108 2106 V.
1118 2056 1138 2105 et

189 2153 403 2232 interpretatur
422 2151 518 2210 Iidem
535 2150 601 2210 Viri
606 2188 616 2224 ‚
636 2151 795 2213 Ernestius
809 2160 938 2213 testatur
952 2154 985 2212 in
998 2172 1055 2213 ms.
1068 2151 1138 2212 Gorl.

190 2269 252 2315 esse
272 2245 330 2315 ΙΙΙ
339 2289 348 2328 ‚
367 2259 397 2317 in
418 2257 479 2317 alio
499 2258 522 2316 Ι
524 2302 535 2332 ,
554 2257 598 2317 ΙΙ
599 2303 610 2332 ,
629 2257 809 2341 dubitatque
829 2279 869 2319 an
888 2257 986 2320 fuerit
1009 2274 1137 2319 numerus

125 2406 128 2413 ,
191 2359 271 2422 scti.
291 2363 388 2445 Magis
408 2374 509 2424 tamen
529 2378 599 2425 eum
613 2365 757 2426 Schiltzio
770 2366 887 2448 placet,
901 2365 988 2447 quod
1000 2364 1137 2426 Weisklus

191 2471 295 2529 statuit
305 2460 334 2531 Ι.
347 2458 388 2532 N.
400 2465 568 2552 significare
588 2472 756 2534 Intemessit
769 2472 873 2534 Nemo.
894 2473 929 2533 ln
949 2471 1050 2533 tribus
1069 2469 1137 2532 Amh.

191 2586 222 2673 et
246 2576 313 2637 edd.
338 2577 394 2638 Ro.
420 2579 495 2638 lens.
523 2590 626 2661 aperte
654 2583 800 2662 seriptum
829 2590 874 2640 est
894 2580 922 2639 I.
945 2578 986 2639 N.
1007 2579 1054 2639 vel
1074 2581 1091 2640 i.
1109 2597 1138 2650 ns,

192 2684 223 2741 in
242 2684 276 2742 13
289 2693 320 2744 et
339 2683 407 2744 edd.
426 2685 506 2747 Med.
527 2686 600 2746 Min.
620 2686 706 2747 nullo
725 2686 830 2748 relicto
845 2688 945 2768 spatio
960 2688 1084 2745 omnino
1098 2683 1138 2742 hae

76 2846 79 2851 .
195 2787 298 2850 literne
318 2790 545 2865 desiderantur,
565 2795 596 2852 ln
623 2813 679 2853 sec.
707 2794 848 2854 informes
869 2791 929 2852 hoe
950 2791 1045 2854 modo
1064 2788 1140 2862 Ill,

194 2896 452 2975 quemadmodum
476 2898 542 2960 fere
567 2898 742 2974 Ernestius3
769 2902 801 2960 in
829 2899 895 2958 aliis
920 2898 1066 2959 omnibus
1090 2900 1140 2978 ipsa

194 3003 334 3081 epistola,
355 3014 385 3065 et
404 3005 465 3065 fere
486 3016 567 3066 totus
588 3014 712 3067 octavus
737 3005 814 3066 liber
840 3003 933 3066 Caelii
961 3004 1140 3066 desideratur.

195 3106 349 3168 Manutius
369 3113 521 3192 rescripsit
542 3111 573 3171 S.
593 3111 625 3172 C.
639 3113 678 3174 A.
692 3111 858 3172 Lambinus
879 3111 911 3173 S.
936 3111 969 3173 C.
989 3112 1141 3171 auctuum.

155 3200 196 3288 l5
215 3212 261 3272 Ex
282 3204 413 3276 Ernestii
435 3219 633 3292 correctione,
655 3221 726 3300 quia
746 3218 824 3280 infra
840 3216 941 3279 statim
956 3229 1003 3279 est
1015 3211 1141 3299 stipendia

193 3320 314 3380 torento
320 3365 331 3395 ,
355 3331 408 3380 aut
431 3341 537 3384 coenos
548 3350 589 3373 -·-
602 3320 738 3387 Musaue.
773 3324 823 3385 Sic
847 3332 877 3385 et
904 3322 1012 3383 ambr.
1038 3343 1072 3382 12
1099 3319 1141 3378 ha-

193 3423 247 3486 het
266 3447 285 3487 a
305 3448 351 3509 pr.
372 3448 474 3490 maun.
495 3431 598 3514 Vulgo
618 3433 733 3493 labent
753 3431 835 3491 lnlra
854 3428 977 3502 Ambe,
998 3429 1106 3511 allique
1119 3433 1141 3483 el

194 3532 263 3594 edd.
284 3547 354 3595 ante
373 3535 547 3598 Emestium
571 3540 725 3622 quominus
742 3538 781 3599 de
801 3538 836 3598 ll.
858 3538 893 3598 P.
916 3538 956 3619 Q.
979 3536 1035 3608 P„
1055 3529 1142 3597 vetde

195 3648 227 3698 re
243 3660 296 3722 pu.
319 3642 357 3723 Q.
379 3645 428 3716 P.,
447 3644 574 3705 Manutii
596 3657 626 3707 et
645 3645 751 3707 Lumb.
771 3644 810 3706 de
829 3665 860 3704 re
877 3643 963 3726 publ.
983 3662 1075 3725 quom
1089 3638 1139 3721 pri·

80 3836 82 3844 Ι
195 3758 283 3808 munt.
305 3748 490 3830 singularias
510 3752 609 3813 literas
633 3752 670 3835 Q.
692 3754 727 3813 P.
748 3763 833 3835 potes
853 3753 946 3811 etiam
965 3743 1138 3832 interpretari

197 3864 266 3916 tum
287 3855 424 3919 Conrado
439 3868 469 3919 et
482 3857 526 3918 Cl.
541 3860 701 3921 luvernizzi
718 3858 791 3943 quid
805 3859 949 3942 placeret.
969 3855 1039 3927 [llas
1058 3847 1138 3917 anull
