2616 4852
172 368 239 443 ¹9⁰
521 364 692 415 errsrora
718 365 837 413 ccxxv.
946 364 978 412 Α.
993 367 1027 413 ν.
1048 368 1076 412 c.
1095 381 1141 427 7⁰²

165 470 271 540 etiam
288 493 397 540 nunc:
415 492 528 567 neque
545 468 641 565 prius
659 467 815 538 desinam
835 464 1042 569 formidare,
1060 495 1164 568 quam

165 593 315 691 tetigisse
340 606 406 663 ter
437 589 575 663 Italiam
600 592 753 663 audiero,
787 589 858 661 Sed
884 591 928 662 de
952 593 1166 666 Parthorum

161 720 310 792 transitu
334 718 447 790 nuntii
475 717 588 790 varios
620 742 797 789 sermones
830 719 1036 790 excitarunt.
1067 718 1163 792 Alius

163 847 273 944 euim,
298 844 506 944 Pompeium
523 841 756 941 mittendum,
774 841 878 942 alius,
896 841 940 915 ab
957 842 1045 916 urhe
1063 845 1164 916 Pom·

163 956 314 1072 peiu'm⁸
341 995 413 1042 non
439 967 712 1066 removendum,
744 967 1163 1068 alius,Caesaremcun'1

147 1124 225 1171 suo
252 1099 424 1196 exercitu,
450 1095 554 1195 alius,
579 1094 757 1195 consules,
782 1121 886 1170 nemo
913 1111 1032 1169 tamen
1054 1123 1096 1170 ex
1113 1123 1162 1170 se-

161 1238 264 1297 natus
290 1221 450 1297 consulto
476 1223 633 1322 privatos
651 1240 675 1293 9.
709 1221 877 1295 Consules
911 1235 1051 1322 autem,
1082 1224 1161 1325 quia

161 1364 341 1446 verentur,
364 1373 410 1420 ne
435 1347 523 1419 illud
548 1361 689 1420 senatus
714 1346 913 1421 consultum
937 1349 1017 1446 fiat,
1034 1361 1074 1420 ut
1100 1374 1161 1448 pa·

159 1475 270 1549 ludati
295 1488 420 1548 exeant
434 1491 475 1573 ¹0,
512 1488 573 1546 aut
605 1473 875 1574 contumeliose,
906 1487 1047 1575 praeter
1079 1499 1165 1573 eos,

160 1602 206 1692 ad
231 1602 337 1674 alium
362 1627 417 1674 res
442 1599 683 1699 transferatur,
699 1600 844 1673 omuino
861 1613 1023 1672 senatum
1039 1591 1165 1688 haberi

159 1726 302 1825 nolunt3
328 1754 437 1828 usque
463 1751 523 1825 eo,
546 1739 587 1798 ut
611 1750 738 1826 parum
763 1724 946 1823 diligentes
972 1726 1076 1798 inre
1101 1752 1163 1826 pu-

157 1853 249 1926 blica
264 1870 291 1903 ¹¹
319 1853 525 1950 videantur,
558 1850 621 1923 sed
646 1851 810 1950 honeste,
835 1851 907 1923 sive
933 1849 1157 1950 negligentia,

157 1982 230 2053 sive
256 1981 379 2052 inertia
405 1993 476 2078 est,
502 1980 575 2051 sive
598 1978 674 2079 ille,
701 2004 805 2080 quem
830 1979 1016 2077 proposui,
1033 1992 1154 2076 metus,

156 2105 267 2178 latent
282 2123 311 2154 ¹²
329 2105 394 2178 sub
413 2105 750 2205 hac'temperantiae
774 2089 1050 2204 existimatione,
1067 2104 1151 2178 nolle

157 2232 384 2332 provinciam.
410 2233 440 2302 A
465 2243 500 2302 te
532 2230 653 2302 literae
685 2256 760 2305 non
784 2244 978 2329 venerunt,
1012 2245 1071 2330 et,
1096 2230 1152 2303 uisi

157 2357 315 2429 Deiotari
340 2355 548 2430 subsecutae
575 2370 711 2455 essent,
741 2358 779 2428 in
804 2381 882 2428 eam
906 2355 1112 2456 opinionem
1129 2357 1151 2406 ¹³

157 2482 296 2555 Cassius
324 2496 490 2582 venerat,
524 2508 613 2585 quae
639 2482 840 2581 diripuisset
864 2483 963 2581 ipse,
994 2496 1036 2555 ut
1064 2482 1152 2556 vide·

154 2622 275 2682 rentur
300 2607 344 2682 ab
370 2609 473 2682 hoste
497 2621 652 2708 vastata,
677 2610 817 2682 finxisse
841 2607 992 2708 bellurn,
1017 2622 1054 2681 et
1079 2609 1152 2682 Ara-

153 2734 216 2808 bas
237 2734 266 2802 ¹4
291 2737 329 2808 in
353 2737 575 2837 provinciam
608 2731 812 2835 immisisse,
846 2761 975 2836 eosque
1008 2734 1171 2833 Parthos,

153 2888 247 2961 esse,
271 2863 408 2936 senatui
433 2861 659 2935 renuntiasse.
686 2861 803 2952 Quare
829 2859 894 2932 tibi
918 2860 1069 2960 suade0,
1085 2859 1151 2962 qui-

154 3014 303 3088 cumque
329 3002 383 3061 est
406 2989 495 3061 istic·
511 3001 622 3060 status
648 3014 781 3087 rerum,
799 2986 983 3084 diligenter
999 2999 1037 3059 et
1059 2999 1151 3060 cante

152 3112 364 3212 perscribas,
389 3139 433 3184 ue
460 3126 521 3185 aut
546 3113 738 3186 velificatus
753 3115 783 3162 ¹⁵
809 3112 911 3185 alicui
937 3111 1083 3212 dicaris,
1099 3124 1151 3184 aut

153 3236 301 3340 aliquid,
328 3237 424 3338 quod
450 3238 591 3311 referret
617 3238 723 3337 scire,
748 3239 936 3311 reticuisse.

168 3340 170 3348 ¹
204 3391 224 3437 2
250 3360 355 3436 Nunc
382 3364 493 3436 exitus
520 3378 573 3436 est
592 3365 697 3437 anni.
731 3364 823 3437 Nam
856 3390 921 3462 ego
949 3364 1014 3436 has
1042 3365 1149 3437 literas

153 3514 181 3560 a.
209 3487 240 3560 d.
269 3487 377 3562 XIIII
402 3487 478 3562 Kal.
504 3489 669 3563 Decemb.
697 3490 828 3589 scripsi.
857 3487 967 3563 Plane
993 3489 1083 3562 nihil
1106 3489 1150 3562 vi·

154 3612 221 3687 deo
248 3626 329 3686 ante
354 3612 432 3687 Kal.
458 3615 635 3688 Ianuarias
662 3616 715 3714 agi
742 3641 855 3715 posse.
882 3614 984 3690 Nosti
1010 3611 1147 3688 Marcel-

151 3736 245 3838 lum,
273 3766 378 3841 quam
404 3741 524 3814 tardus
551 3754 586 3814 et
612 3768 736 3841 parum
763 3742 886 3814 efficax
912 3742 959 3814 sit
967 3769 978 3839 5
1003 3741 1143 3840 itemque

152 3865 290 3940 Servius
308 3869 347 3965 ¹⁶,
374 3893 478 3968 quam
505 3881 696 3941 cunctator.
723 3866 936 3941 Cuiusmodi·
955 3880 1058 3967 putas
1082 3865 1138 3936 hoc
