2616 4852
180 314 247 405 142
523 336 695 384 nersrora
721 337 831 384 ccxix.
957 335 988 383 a.
1008 338 1040 385 v.
1058 337 1088 385 c.
1108 351 1155 402 502

172 438 291 512 venire
316 437 525 537 potuissem:
550 438 702 513 maxime
722 437 911 511 convenire
937 437 1054 512 officio
1081 464 1181 547 meo,

170 562 290 665 reique
315 563 478 665 publicae
495 565 693 639 conducere
711 565 852 666 putavi,
868 590 992 666 parare
1011 590 1073 664 ea,
1090 592 1180 668 quae

168 690 217 763 ad
241 691 458 791 exercitum„
475 718 634 794 quaeque
660 691 706 765 ad
731 719 806 765 rem
822 690 1009 765 militarem
1026 693 1180 793 pertine·

167 831 254 891 rent.
281 804 382 914 Quae
407 845 516 923 quum
540 833 656 893 essent
682 846 702 892 a
727 846 801 920 me,
828 800 910 893 cura
936 819 1048 918 magis
1067 832 1103 893 et
1121 818 1177 892 di·

166 943 325 1044 ligentia,
352 972 457 1046 quam
482 945 646 1019 facultate
664 961 700 1020 et
717 947 837 1048 copia,
855 947 1069 1046 constituta,
1085 973 1179 1019 nun-

73 1126 88 1146 2
166 1071 275 1173 tiique
300 1086 338 1145 et
361 1071 481 1148 literae
508 1073 552 1146 de
576 1072 670 1148 bello
696 1099 716 1148 a
741 1073 881 1148 Parthis
899 1074 937 1145 in
953 1073 1178 1175 provinciam

165 1199 303 1298 Syriam
336 1199 435 1274 illato
461 1200 621 1305 quotidie
644 1201 716 1275 fere
749 1200 970 1275 afferrentur:
997 1200 1066 1274 iter
1090 1199 1179 1275 mibi

164 1326 365 1433 faciendum
389 1354 454 1429 per
477 1330 711 1428 Lycaoniam,
738 1342 775 1401 et
799 1352 864 1429 per
883 1329 1041 1430 Isauros,
1059 1339 1096 1399 et
1112 1353 1178 1428 per

165 1453 429 1554 Cappadociam
464 1455 653 1529 arbitratus
686 1482 772 1528 sum.
808 1458 898 1529 Erat
926 1456 1022 1528 enim
1048 1472 1173 1555 magna

162 1580 334 1689 suspicio,
366 1580 535 1682 Parthos,
564 1582 594 1656 si
622 1608 665 1654 ex
694 1580 793 1681 Syria
822 1579 957 1680 egredi,
985 1593 1095 1683 atque
1128 1581 1172 1669 ir,-

161 1733 325 1809 rumpere
351 1692 387 1781 in
405 1735 520 1807 meam
537 1709 758 1809 provinciam
776 1687 1003 1808 conarentur,
1021 1707 1090 1781 iter
1110 1708 1170 1781 eos

160 1861 225 1933 per
241 1834 528 1935 Cappadociam,
553 1835 651 1937 quod
675 1862 717 1908 ea
734 1832 884 1907 maxime
903 1847 1041 1935 pateret
1053 1831 1081 1933 4,
1100 1859 1170 1907 esso

160 1961 323 2034 facturos.
358 1963 482 2064 Itaque
516 1975 597 2036 tum
630 1962 785 2035 exercitu
822 1987 886 2062 per
921 1959 1169 2061 Cappadociae

132 2101 298 2186 partem
335 2115 412 2160 eam
425 2144 436 2188 ,
469 2113 558 2189 quae
595 2115 676 2160 cum
713 2086 835 2162 Cilicia
870 2088 1057 2160 continens
1096 2101 1169 2186 est,

162 2216 229 2287 iter
255 2215 337 2313 feci,
363 2229 545 2315 castraque
572 2214 618 2286 ad
650 2213 832 2314 Cybistra,
863 2212 962 2316 quod
994 2213 1167 2315 oppidum

160 2341 225 2412 est
248 2339 294 2411 ad
327 2355 486 2414 montem
518 2341 692 2441 Taurum,
722 2323 855 2414 locari:
888 2353 928 2412 ut
959 2339 1169 2438 Artuasdes,

161 2492 222 2538 rex
247 2466 452 2566 Armenius,
480 2493 702 2570 quocumque
735 2468 853 2540 animo
887 2480 978 2540 esset
996 2469 1023 2565 ⁵,
1047 2467 1167 2565 sciret,

157 2617 231 2687 riou
257 2593 384 2691 procul
410 2620 430 2666 a
456 2595 526 2667 suis
552 2593 681 2666 finibus
714 2595 906 2666 exercitum
938 2591 1064 2694 populi
1098 2593 1166 2667 Ro·

157 2719 254 2790 mani
272 2746 361 2820 esse,
379 2735 414 2794 et
432 2721 652 2821 Deiotarum,
669 2719 909 2794 fidelissimum
926 2745 1044 2818 regem
1063 2733 1166 2820 atque

157 2847 407 2919 amicissimum
425 2847 639 2949 reipublicae
664 2860 825 2946 nostrae,
851 2846 1000 2920 maxime
1019 2847 1165 2919 coniun-

160 2985 256 3043 ctum
281 2971 466 3074 haberem,
490 2975 619 3047 cuius⁶
636 2987 672 3046 et
690 2969 837 3046 consilio
863 2988 900 3046 et
925 2972 1054 3074 opibus
1072 2969 1166 3044 adiu-

154 3098 231 3171 vari
264 3114 385 3198 posset
417 3126 472 3173 res
505 3100 656 3201 publica.
690 3102 772 3194 Quo
800 3128 909 3202 quum
934 3101 969 3171 in
994 3098 1079 3172 loco
1109 3125 1164 3171 oa-

153 3238 223 3296 stra
251 3223 435 3326 haberem,
460 3227 724 3329 equitatumque
741 3228 779 3301 in
796 3227 956 3302 Ciliciam
973 3226 1165 3324 misissem,

79 3425 81 3429 ,
154 3364 194 3422 ut
223 3365 260 3423 et
292 3378 390 3425 meus
423 3353 596 3428 adventus
621 3355 663 3428 iis
697 3354 916 3454 civitatibus,
942 3380 1032 3456 quae
1059 3354 1098 3426 in
1123 3378 1162 3424 ea

152 3490 253 3575 parte
272 3493 403 3579 essent,
419 3480 617 3581 nuntiatus,
634 3482 805 3555 firmiores
823 3482 958 3553 animos
976 3479 1160 3552 omnium⁷

152 3600 297 3702 faceret,
323 3617 358 3677 et
394 3632 461 3705 ego
487 3621 643 3707 mature,
677 3607 762 3709 quid
789 3622 950 3706 ageretur
973 3607 1011 3678 in
1038 3606 1161 3705 Syria,

151 3728 239 3801 scire
271 3756 428 3830 possem:
462 3747 600 3835 tempus
631 3735 705 3808 eius
739 3734 847 3808 tridui
865 3737 891 3833 ⁸,
918 3734 1016 3836 quod
1030 3735 1082 3821 'iu
1106 3732 1159 3805 his

151 3856 273 3930 castris
299 3859 476 3961 morabar,
508 3863 546 3935 iu
578 3888 706 3963 magno
740 3862 857 3938 officio
893 3875 928 3936 et
961 3860 1159 3937 necessario
