2616 4852
164 317 238 412 406
524 328 792 383 annontmouns

202 445 368 524 pugnante,
381 431 512 517 populus
525 435 658 494 iusserat.
678 432 750 493 Mox
769 430 941 502 clementer,
957 427 990 490 h.
1007 449 1038 495 e.
1057 428 1152 493 leniter

203 557 234 606 et
253 541 380 628 placide.
402 541 527 623 Opponi
546 541 627 600 cuim
647 561 666 599 a
686 539 830 600 Cicerone
843 536 921 598 vidit
933 536 1090 598 Manutius
1100 538 1152 598 cle-

201 664 314 712 menter
330 661 358 710 et
377 645 516 709 iracunde
535 645 587 706 lib.
607 646 649 718 ΙΙ,
671 667 695 705 c.
717 645 737 723 4
757 644 794 706 de
814 645 842 704 F
843 647 885 706 in.
1177 709 1181 723 Ι

160 757 200 818 62
222 754 315 835 Quod
328 775 391 815 esse
403 753 610 835 tunpissimum
623 772 712 813 nemo
724 750 854 832 negabit.
874 749 951 811 Tale
964 751 1060 832 igitur
1073 751 1153 832 quid-

201 863 271 923 dam
293 862 402 932 Caesar
421 861 602 930 committet,
622 860 646 919 si
667 868 698 918 et
717 857 821 920 consul
841 879 921 931 esse,
941 868 974 920 et
1000 860 1156 919 exercitum

201 973 331 1032 retinere
350 967 440 1029 volet.
462 966 579 1027 Manat.
845 1000 847 1005 ·

160 1075 200 1137 63
221 1074 330 1136 Ambb.
358 1084 439 1156 quat.
471 1093 541 1133 cum
571 1071 638 1133 edd.
668 1072 725 1132 Ro.
754 1069 834 1132 Med.
865 1071 993 1132 Graevii
1024 1069 1155 1132 alteram·

202 1195 298 1243 utram
305 1226 316 1255 ‚
334 1191 369 1241 ut
388 1202 436 1263 cp.
457 1180 675 1251 CCCLXXVI‚
696 1199 723 1239 a.
743 1179 814 1240 Mox
842 1191 924 1240 recte
943 1178 1101 1240 Weiskius
1119 1177 1154 1238 le·

200 1287 333 1370 gendum
353 1297 442 1370 putat
462 1287 523 1347 vult
537 1286 706 1359 Caesarem,
722 1285 833 1346 scilicet
846 1286 913 1346 vult
930 1285 1111 1368 Pompeius,
1123 1294 1151 1344 ut

201 1395 310 1455 Caesar
329 1392 498 1454 descendat.
525 1392 668 1465 Maneat,
689 1392 799 1453 scilicet
818 1395 849 1452 in
870 1390 973 1453 Gallia
993 1401 1150 1475 prorogato

198 1499 280 1559 ultra
305 1498 484 1560 decennium
510 1500 653 1582 imperio,
674 1509 704 1559 ct
722 1496 850 1580 proinde
874 1498 981 1559 consul
1006 1518 1071 1559 non
1094 1495 1147 1556 fiat

198 1605 292 1684 Quod
317 1608 342 1666 si
367 1605 454 1666 illum
478 1627 497 1665 a
515 1605 621 1666 Galliis
648 1624 790 1665 revocare
816 1603 928 1666 vellent
954 1603 1150 1686 Pompeiani,

199 1711 324 1772 alteram
343 1711 394 1772 ille
414 1711 616 1773 conditionem
636 1711 820 1785 ferebat‚.,ut
839 1711 953 1772 scilicet
980 1710 1087 1771 consul
1106 1707 1148 1768 de·

199 1821 376 1900 signaretur.
401 1818 540 1900 Vtraque
570 1817 742 1878 conditione
771 1819 892 1900 imperii
923 1819 1145 1900 perpetuitatem

196 1926 319 2008 petebat
338 1926 464 1999 Caesar,
483 1928 555 2007 quia
574 1928 599 1986 ai
618 1928 755 2007 privatus
781 1922 885 1996 fieret,
907 1921 949 1985 ob
976 1945 1025 1984 res
1045 1926 1079 1983 in
1102 1941 1143 1982 suo

198 2034 356 2094 consulatu
375 2043 454 2093 actas
477 2033 565 2114 (epp.
585 2031 672 2091 XLII
693 2041 724 2091 ct
744 2033 842 2113 seqq.)
864 2029 921 2091 sibi
943 2023 1080 2090 timebat.

155 2135 200 2213 64
218 2138 375 2198 Ernestius
402 2159 438 2198 ex
464 2141 550 2198 mstis
578 2138 637 2198 Gu.
657 2137 731 2198 Gor.
758 2147 792 2199 et
811 2136 883 2200 edd.
901 2133 999 2209 Mea,
1020 2136 1085 2197 Aac.
1103 2151 1143 2194 sca

197 2245 290 2316 ratio,·
310 2254 340 2304 et
360 2245 402 2304 ita
422 2254 467 2304 est
486 2245 519 2304 iu
530 2247 639 2304 nostris
653 2241 800 2308 omuibus,
814 2254 846 2304 et
863 2245 897 2304 iu
916 2242 985 2304 edd.
1005 2244 1064 2303 Ro.
1082 2242 1140 2302 lens.

182 2349 269 2408 -Mox
289 2349 364 2410 Era.
385 2349 554 2430 corrigebat
576 2349 723 2432 designari
736 2351 847 2434 possit,
865 2358 901 2410 ut
917 2349 1012 2432 possit
1035 2362 1140 2431 respon*

169 2451 174 2462 '
197 2453 266 2515 deat
285 2460 324 2528 τῷ
345 2456 507 2529 habetatum
527 2456 564 2516 ed
584 2457 640 2517 Ro.
660 2456 808 2537 designari
821 2456 944 2538 petierit.

155 2558 197 2619 65
209 2560 386 2622 Adolescens
402 2563 467 2644 (ep.
480 2563 624 2636 XXXIV,
638 2565 684 2642 1).
702 2563 812 2626 Contra
829 2585 911 2636 eum,
930 2584 971 2624 sc.
990 2563 1138 2624 Caesarem·

155 2664 196 2725 66
215 2668 263 2727 De
283 2690 348 2750 rep.
370 2667 498 2743 seilicet,
518 2680 548 2730 et
569 2680 687 2746 senaim
709 2669 778 2731 vide
798 2691 876 2751 quae
895 2669 933 2732 de
954 2669 1017 2731 illo¹
1032 2669 1138 2732 diximus

194 2774 280 2833 initio
301 2795 348 2858 ep.
369 2776 504 2838 CLXVI.

153 2876 193 2959 67
215 2879 277 2940 Suo
298 2881 379 2942 dono
401 2882 610 2943 Africanarum
630 2881 848 2966 pantherarum
867 2883 954 2956 fecit,
967 2895 1004 2945 ut
1016 2880 1136 2943 nunclu-

194 2984 241 3044 dis
261 2988 455 3068 supersedere
475 3011 536 3050 non
556 2992 678 3072 possim.
699 2991 849 3051 Cunarum
870 3010 944 3070 ergo
967 3011 1044 3052 ontts
1057 2992 1135 3070 impo-

193 3092 268 3161 suit,
288 3104 322 3152 ut
341 3093 513 3155 belluarum
530 3117 692 3156 numerum
706 3095 875 3178 compleam
898 3096 961 3178 (ep.
983 3093 1136 3170 ccx1‚3).

193 3204 224 3253 et
243 3195 329 3256 ludos
352 3185 441 3260 edam
466 3201 571 3261 Cellar.
591 3202 675 3283 Ergo
696 3223 746 3262 cas
765 3206 795 3262 in
816 3223 878 3284 seq.
900 3201 1042 3274 membro
1068 3196 1133 3261 intel·

112 3378 120 3387 ,Α
192 3298 252 3379 lige
272 3302 443 3382 pantheras.
464 3307 552 3367 Amb.
578 3308 612 3368 13
632 3329 685 3369 suo
712 3309 834 3369 nomiae.
861 3308 964 3392 Supra
990 3330 1049 3371 vox
1070 3303 1132 3368 cum

193 3403 278 3467 abest
304 3408 344 3468 ab
371 3411 438 3472 edd.
458 3414 539 3474 Man.
565 3425 595 3475 et
621 3414 778 3488 Lambini,
806 3426 836 3476 et
861 3416 985 3478 videtur
1011 3414 1131 3477 inculcata

192 3530 211 3569 a
231 3532 297 3593 sup.

151 3613 192 3675 68
212 3615 319 3679 Lamb.
340 3621 509 3703 Africanas.
530 3629 611 3688 Tum
630 3629 725 3708 potuit
744 3640 788 3690 est
810 3649 868 3712 pro
886 3633 1044 3712 potitisset,
1060 3635 1126 3687 utre·

193 3722 334 3802 quirebat
353 3749 451 3809 praec.
472 3744 548 3815 part.
569 3736 602 3794 si.

152 3824 281 3908 69Vid.
303 3853 350 3916 ep.
372 3836 463 3911 CCII,
484 3860 502 3900 a
522 3852 553 3902 et
573 3841 684 3913 CCXI,
705 3841 732 3901 3.
