2632 4860
248 328 321 428 392
611 347 884 400 Aruortrroune

246 450 536 519 mmssssa

246 586 284 648 ²7
304 562 469 644 Pompeius
499 557 595 631 lilius,
625 568 656 619 et
686 559 728 619 Μ.
754 558 887 632 Brutus,
918 561 1021 640 generi
1046 559 1141 623 huius
1162 563 1250 646 Appii

283 669 448 734 laudantur
467 678 518 750 ep.¹
536 665 675 740 CXCIV,
702 687 741 738 2,
766 677 797 726 et
823 664 915 749 alibi}
947 667 1069 728 Lentuli
1100 690 1253 752 nusquam

284 779 408 839 mentio.
433 773 542 836 Cruor.
563 773 680 836 Vocem
701 772 860 834 lentulum
887 793 952 835 non
984 788 1155 856 agnoscunt
1186 779 1252 838 msti

285 857 411 967 aliquot·
423 879 525 953 urob„
545 890 576 941 et
595 880 645 941 alii
666 879 706 940 ab
727 882 859 963 interpp.
880 884 1050 943 memorati.

246 991 286 1055 28
305 988 413 1051 Lamb.
430 986 612 1070 praesentiore
623 986 751 1075 fabrum
772 985 917 1049 Clodium.

246 1121 286 1182 29
305 1095 461 1168 Colen'da,
492 1105 660 1158 utcontra
691 1094 854 1156 inimiciu'ac
878 1108 984 1175 gerere·
999 1097 1113 1179 passim
1134 1096 1252 1159 dieitur.

283 1205 403 1266 Ernest.
422 1222 548 1286 quorum
567 1202 625 1263 rint
643 1200 682 1263 dc
700 1218 730 1263 o.
749 1222 800 1282 3.,
818 1203 981 1267 neseioan
1001 1204 1152 1267 consulto.

246 1313 287 1376 3ο
306 1311 374 1372 Hoc
394 1320 459 1382 est,
469 1329 537 1392 ego
556 1308 659 1371 forum
679 1307 829 1392 agebam,
858 1309 922 1371 eive
941 1311 990 1371 iun
1009 1310 1152 1373 dicebam
1172 1312 1250 1395 Apa·

282 1439 384 1496 meae;
403 1416 482 1479 ride
492 1437 539 1499 cp.
560 1416 711 1488 CCVIII,
725 1427 801 1477 not.
809 1415 890 1478 uad
910 1415 995 1479 verb.
1016 1417 1134 1483 Forum
1151 1422 1223 1500 agit.

244 1527 280 1588 31
304 1524 393 1597 scil,
416 1535 447 1586 tc
468 1521 632 1605 obiurgare
652 1521 766 1585 videar.
825 1546 829 1555 ·

244 1633 283 1695 32
303 1631 382 1693 Edd.
404 1641 475 1694 vett
481 1641 623 1714 ,praeter
644 1629 700 1692 Ro.
706 1631 846 1714 ,ειᾳαὶες
868 1632 967 1693 minus
988 1641 1082 1705 recte,
1104 1635 1162 1695 etsi
1183 1633 1251 1695 alias

283 1740 465 1822 saepissime.

243 1845 283 1909 33
302 1845 407 1928 Vulgo
427 1828 527 1908 edittlr
545 1842 698 1919 cultiliutr
729 1844 860 1928 idque
852 1846 986 1911 tronioe
983 1846 1112 1909 dictum
1131 1859 1249 1932 putant

281 1951 344 2015 Sed
363 1951 439 2014 haec
457 1951 557 2014 forma
586 1951 706 2015 dicendi
735 1972 800 2013 nou
819 1955 999 2018 .'conveuit
991 1955 1117 2016 ironiae.
1147 1957 1250 2038 ltaque

282 2059 408 2121 fuerunt
427 2059 522 2132 olim,
548 2058 797 2140 qintir'tcolliduu
814 2059 1010 2142 praeferrent.
1030 2061 1250 2145 Rescripsimus

282 2177 384 2227 autem
405 2163 543 2237 calidius,
564 2165 648 2246 quod
668 2167 701 2225 in
721 2186 791 2227 mss.
812 2166 931 2249 aliquot
950 2169 1009 2229 viri
1028 2166 1112 2229 docti
1132 2171 1250 2231 iuvene-

281 2281 362 2332 runt.
393 2269 512 2333 cattum
529 2273 613 2333 enim
637 2272 761 2337 consilia
782 2273 868 2352 (Cic.
889 2254 1250 2356 0ffi1‚2t)'suntte

280 2379 432 2450 mercuria,
451 2387 482 2438 et
501 2379 695 2462 praecipitia,
721 2389 752 2441 et
777 2390 976 2463 opponuntur
995 2380 1202 2463 prudentibus
1220 2392 1248 2444 et

280 2487 395 2546 astutis.
415 2484 639 2549 Seilinb..5Duo
658 2488 750 2549 etiam
771 2486 877 2551 Ambr.
897 2485 1024 2549 cateias
1043 2486 1177 2551 habent.

241 2591 281 2670 34
301 2591 406 2675 Vulgo
426 2594 640 2657 committerem.
665 2595 705 2655 At
725 2592 814 2659 Amb.
828 2595 937 2657 tertius
953 2615 1024 2665 oum
1037 2595 1122 2658 Man.
1143 2595 1247 2658 Lamb.

210 2720 219 2733 ‘
280 2708 312 2760 et
331 2700 463 2761 Graevio
488 2701 825 2777 committere31·eotius;
847 2700 959 2783 pendet
979 2722 998 2761 a
1018 2722 1086 2784 sup.
1106 2701 1184 2785 qm‘d
1200 2723 1248 2784 po

281 2815 337 2866 tc'rt
355 2827 418 2866 esre
436 2804 580 2880 celriliru,
598 2828 690 2888 quam
709 2807 894 2868 committere.

241 2910 283 2972 35
300 2911 478 2995 Legendum
508 2934 573 2974 esse
605 2912 688 2996 quod
708 2925 735 2974 te
753 2926 856 2996 putem
876 2935 936 2976 nou
955 2915 1034 2977 nolle
1061 2914 1126 2977 dici
1150 2917 1247 2979 decla·

278 3028 329 3079 rat
347 3018 393 3091 id,
414 3019 497 3102 quod
517 3022 674 3101 sequitur:
696 3020 763 3081 Hos
784 3041 840 3101 ego
860 3042 1007 3083 sermones
1026 3031 1084 3084 etc.
1112 3024 1248 3086 Lambin.

254 3132 257 3141 “
282 3124 374 3207 Quod
394 3138 421 3186 te
437 3138 541 3207 putem
560 3128 639 3187 nolle
660 3127 727 3189 dici.
755 3128 859 3189 Recte.
883 3129 944 3190 Nec
958 3129 1057 3191 ,aliter
1078 3143 1126 3193 est
1146 3135 1180 3193 in
1200 3153 1248 3193 an-

258 3232 371 3313 tiquis
399 3230 494 3293 libris.
524 3233 603 3295 Nam
634 3233 686 3295 illa
718 3235 866 3305 inferiora,
894 3235 1052 3318 subiungit
1083 3237 1194 3301 Cicero
1214 3236 1249 3298 ad

272 3339 414 3420 ‘Appium
432 3339 671 3405 consolandum:
693 3343 817 3422 horago
837 3363 984 3405 semuones
1008 3324 1066 3415 etc.
1102 3347 1182 3424 Quis
1202 3368 1247 3406 au-

278 3453 340 3504 tem
360 3465 424 3507 non
444 3445 596 3509 laborasse
610 3451 746 3532 Appium
767 3449 888 3522 credat,
909 3451 934 3510 si
956 3470 1028 3513 suae
1049 3451 1172 3515 cohorti
1191 3473 1248 3514 ma-

278 3548 477 3613 lediceretur?
507 3554 608 3616 Debet
634 3558 731 3629 enim,
761 3559 815 3638 qui
841 3558 1017 3638 provinciae
1037 3570 1163 3640 praest,
1192 3580 1247 3620 non

278 3657 344 3740 ipse
362 3667 481 3720 tantum
502 3682 610 3725 vacare
631 3662 721 3746 culpa
743 3664 814 3746 (ep.
835 3663 963 3738 XXIX,
983 3685 1008 3725 r.
1029 3665 1089 3745 4),
1110 3667 1163 3729 sed
1183 3687 1245 3729 suos

280 3783 404 3846 quoque
424 3779 587 3849 praestare.
607 3769 728 3831 Manat.
748 3768 836 3831 Amh.
858 3780 932 3831 sext.
947 3771 1021 3832 velle
1033 3771 1102 3835 dici.
1117 3776 1189 3836 Mox
1208 3783 1244 3834 est

278 3869 310 3929 in
327 3868 447 3934 duobus
462 3874 588 3951 Ambb„
608 3878 640 3938 in
660 3876 730 3940 lice.
752 3888 782 3940 et
802 3875 848 3939 ed.
869 3875 925 3938 Ro.
948 3876 1113 3960 legatorum
1132 3893 1240 3945 urorum
