2616 4852
267 325 334 417 ¹5l
608 345 777 394 11101011
804 347 912 392 ccxxi.
1038 343 1070 391 Λ.
1089 346 1125 392 v.
1144 345 1172 393 c.
1191 360 1235 407 7⁰²

260 451 417 525 nondum
444 447 678 545 audieramus,
695 447 860 520 Bibulum
885 448 923 517 in
943 447 1080 544 Syriam
1106 450 1257 546 venisse,

260 579 317 651 vel
343 580 426 679 quia,
448 575 702 680 administratio
736 573 837 646 huius
870 568 952 644 belli
984 573 1072 646 mihi
1099 578 1258 648 611111Βί-

259 704 344 777 bulo
369 727 481 804 paene
519 716 573 774 est
609 701 825 773 communis:
863 727 951 800 quae
985 701 1121 774 adme
1148 702 1258 776 delata

260 843 398 926 essent,
430 826 614 901 scribenda
648 826 694 898 ad
719 852 783 900 vos
808 827 939 926 putavi.
965 827 1067 925 Regis
1094 828 1259 900 Antiochi

260 957 488 1053 Commageni
512 954 616 1052 legati
643 955 749 1054 primi
773 954 859 1025 mihi
876 954 1099 1052 nuntiarunt,
1115 955 1258 1028 Partho

260 1109 339 1156 rum
370 1108 513 1180 magnas
543 1083 663 1182 copias
688 1080 896 1180 Euphraten
921 1082 1068 1154 transire
1095 1081 1257 1181 coepisse.

261 1212 342 1301 Quo
367 1210 492 1283 nuntio
519 1208 644 1306 allato,
669 1235 776 1309 quum
803 1221 919 1281 essent
943 1206 1120 1306 nonnulli,
1146 1208 1209 1309 qui
1232 1208 1257 1279 ei

259 1337 333 1434 regi
364 1337 536 1408 minorem
569 1333 676 1406 fidem
707 1333 908 1407 habendam
938 1348 1126 1434 putarent,
1158 1333 1258 1406 statui

260 1461 534 1561 exspectandum
560 1488 634 1533 esse
646 1517 656 1558 ,
684 1462 713 1532 si
740 1461 827 1561 quid
853 1462 981 1534 certius
1007 1460 1197 1534 afferretur.
1222 1461 1256 1532 A.

260 1589 292 1660 d.
320 1590 411 1660 XIII
436 1587 612 1660 Kalendas
639 1587 785 1660 Octobr.
813 1614 920 1687 quum
945 1588 1136 1659 exercitum
1153 1588 1193 1657 in
1209 1587 1257 1660 Ci-

258 1714 374 1787 liciam
400 1714 586 1812 ducerem,
619 1715 656 1786 in
683 1712 809 1786 finibus
834 1715 1034 1811 Lycaoniae
1060 1727 1098 1785 et
1121 1715 1257 1813 Cappa·

260 1841 380 1914 dociae
406 1840 493 1913 mihi
518 1841 638 1913 literae
658 1839 815 1913 redditae
833 1854 951 1912 sunta
969 1839 1257 1936 Tarcondimoto,

258 1970 318 2069 qui
335 1968 553 2041 fidelissimus
571 1969 685 2039 socius
710 1982 806 2039 trans
823 1967 998 2064 Taurum,
1017 1966 1257 2039 amicissimus·

258 2121 326 2196 que
350 2095 474 2194 populi
491 2095 640 2166 Romani
663 2095 894 2166 existimatur:
912 2094 1087 2166 Pacorum
1098 2091 1117 2177 4Ι
1135 2090 1256 2190 OrodI,

257 2221 347 2318 regis
371 2220 599 2317 Parthorum,
624 2220 751 2318 filium,
778 2248 858 2294 cum
882 2246 1074 2321 permagno
1101 2222 1256 2320 equitatu

256 2345 423 2418 Parthico
450 2347 613 2419 transisse
639 2346 867 2445 Euphraten,
901 2361 937 2418 61
962 2347 1257 2445 castra‘posuisse

257 2471 381 2570 Tybae
398 2474 431 2570 ⁵3
463 2498 698 2573 magnumque
731 2473 921 2545 tumultum
951 2499 1025 2545 esse
1049 2474 1088 2544 in
1113 2472 1257 2572 provin·

259 2599 311 2670 cia
337 2598 437 2697 Syria
463 2600 659 2672 excitatum.
693 2599 832 2672 Eodem
865 2599 921 2672 die
950 2599 994 2672 ab
1021 2597 1217 2671 Iamblicho
1234 2599 1257 2694 ⁶,

255 2723 456 2822 Phylarcho
473 2725 644 2824 Arabum,
663 2752 765 2826 quem
782 2725 943 2798 homines
961 2726 1156 2824 opinantur
1172 2722 1257 2796 bene

255 2851 401 2950 sentire,
426 2852 647 2953 amicumque
673 2877 748 2924 esse
774 2853 823 2923 rei
848 2850 1010 2950 publicae
1035 2864 1197 2947 nostrae,
1219 2848 1257 2920 li·

199 3063 200 3066 ,
255 2989 349 3049 terae
383 2976 427 3049 de
460 2967 591 3051 eisdem
623 2977 727 3051 rebus
760 2977 847 3049 mihi
879 2977 1037 3060 redditae
1070 2990 1163 3049 sunt.
1196 2976 1257 3048 His

255 3099 359 3173 rebus
385 3101 513 3203 allatis,
539 3106 605 3176 etsi
630 3103 884 3203 intelhgebam,
901 3105 1015 3178 socios
1031 3105 1172 3176 infirme
1188 3087 1258 3175 ani-

255 3239 402 3299 0161οο7
435 3253 530 3327 esse,
567 3244 602 3301 et
640 3255 812 3304 novarum
848 3258 963 3304 rerum
995 3231 1257 3330 exspectatione

255 3378 463 3452 suspensos:
497 3356 681 3455 sperabam
715 3372 855 3456 tamen,
887 3384 970 3455 eos,
1001 3357 1048 3430 ad
1073 3383 1164 3458 quos
1190 3359 1257 3429 iam

256 3503 486 3580 accesseram,
508 3483 636 3584 quique
661 3498 819 3558 nostram
844 3483 1184 3557 mansuetudinem8
1210 3484 1257 3554 in·

255 3606 520 3711 tegritatemque
546 3625 811 3710 perspexerant,
829 3612 1011 3683 amiciores
1035 3610 1175 3711 populo
1192 3611 1256 3682 Ro-

254 3753 360 3804 mano
386 3759 460 3806 esse
485 3736 612 3836 factos,
629 3737 787 3810 Ciliciam
814 3750 930 3809 autem
957 3738 1148 3810 firmiorem
1174 3736 1260 3830 fore,

256 3855 285 3926 si
310 3861 492 3958 aequitatis
517 3878 687 3938 nostraea
713 3864 890 3963 particeps
915 3864 1006 3940 facta
1023 3877 1126 3938 esset.
1144 3866 1192 3939 Et
1209 3861 1264 3935 ol)
