2616 4852
274 343 345 436 452
626 353 899 407 nasammonas

312 465 413 546 aliqua
433 459 575 522 facienda.
597 457 885 539 Idem.'H0spitem,
906 454 956 514 cui
979 461 1097 512 sumtus
1124 451 1253 512 faciendus
1303 444 1304 449 ¹

312 571 414 632 fuerit.
723 644 725 649 ¹

274 699 311 758 27
332 678 446 738 Forma
458 672 600 756 loquendi
613 671 758 742 insolens,
771 667 941 751 profuerat
953 667 1098 748 quaestui
1117 664 1167 725 Sic
1179 665 1257 742 Quin·

313 782 356 842 til.
369 781 522 860 (Prooem.
541 780 605 858 13):
626 777 669 838 Vt
678 777 804 860 primum
826 772 926 854 lingum
945 793 1007 832 csse
1030 773 1169 853 eoepitin
1186 791 1259 852 quac·

312 900 378 960 stu,
396 886 456 947 hoc
476 896 537 957 cst,
556 884 658 965 lingua
680 885 780 964 coepit
799 902 863 942 esse
877 881 1035 962 quaestui,
1049 881 1111 949 sive
1125 877 1208 939 lucro
1219 879 1259 950 iis,

317 997 370 1076 qui
390 993 593 1074 eloquentiam
614 988 773 1050 docebant

276 1101 315 1162 28
335 1100 452 1161 Eorum
473 1096 626 1170 officium,
639 1098 692 1177 qui
706 1097 868 1178 provinciis
882 1103 1061 1175 praeerant,
1076 1096 1107 1152 in
1120 1092 1194 1161 duas
1207 1113 1262 1175 par·

315 1217 358 1266 tes
378 1204 437 1265 fuit
455 1202 672 1275 distributum,
696 1212 873 1284 potestatem
894 1211 925 1261 et
945 1202 1121 1282 imperium.
1150 1199 1262 1260 Potestas

315 1310 428 1371 dicitur
446 1309 572 1393 facultas
594 1308 793 1390 cognoscendi
814 1318 844 1369 et
863 1304 1073 1368 conficiendae
1099 1305 1262 1366 iurisdictio

315 1419 382 1489 nis,
401 1416 563 1498 Imperium
582 1414 711 1476 ducendi
731 1416 848 1496 copias,
861 1424 892 1473 et
904 1412 1022 1474 bellum
1045 1413 1179 1495 gerendi.
1199 1413 1264 1472 llaec

316 1543 445 1585 munera
464 1524 507 1583 ita
526 1520 682 1594 colebant,
701 1531 735 1581 ut
755 1530 897 1581 aestatem
909 1519 972 1581 fere
991 1520 1039 1580 rai
1061 1518 1264 1593 militari,hie-

318 1647 401 1688 mem
414 1627 548 1690 dicarent
561 1629 724 1710 cognitioni
737 1628 919 1708 praetoriae:
933 1646 1013 1707 quae
1027 1628 1062 1687 in
1075 1626 1264 1688 iurisdictione

317 1736 508 1816 potissimum
520 1733 705 1795 versabatur.
720 1732 855 1814 Sigoniru
866 1733 904 1793 de
915 1733 982 1796 Ant.
997 1734 1072 1794 Iure
1085 1733 1222 1795 Prorioc
1234 1733 1267 1804 ll,

317 1840 346 1900 5.
361 1840 475 1902 Forum
488 1843 669 1902 institueram
689 1861 791 1921 agere,
808 1839 944 1901 ordinem
963 1843 1111 1923 exponit,
1131 1856 1193 1923 quo
1210 1860 1266 1922 age·

253 1986 258 1997 x
317 1957 364 2008 ret
388 1947 457 2009 fora
482 1957 513 2009 et
538 1957 702 2008 conventus
722 1947 864 2009 iuridicos
885 1948 949 2029 (ep.
970 1947 1122 2020 ccv111,
1143 1951 1178 2028 a)
1198 1949 1267 2007 iniis

318 2053 510 2133 regionibus,
530 2075 605 2136 quas
624 2052 757 2115 habebat
777 2056 808 2113 in
830 2063 985 2136 potestate.
1015 2053 1165 2116 Habebat
1184 2067 1267 2116 auten

321 2157 443 2219 Ciliciae
463 2160 617 2221 adiunctas
638 2159 788 2222 dioecesos
808 2181 871 2222 sex:
893 2159 1122 2242 Cibyraticum,
1137 2164 1266 2245 Apamen-

318 2285 395 2335 sem,
415 2265 657 2345 synnadensem,
670 2266 889 2349 Pamphiliam,
902 2267 1114 2348 Lycaoniam,
1129 2270 1267 2329 Isauriam.

317 2369 387 2430 Vid.
409 2370 566 2451 sigonium
586 2373 643 2433 loc.
670 2376 719 2434 cit.
748 2374 819 2453 Quo
847 2376 927 2436 circa
951 2390 1167 2437 commemorat
1180 2377 1268 2459 firma

319 2475 532 2556 Cibyraticum,
545 2479 730 2560 Apameme,
749 2480 959 2559 Synnadense,
980 2481 1200 2565 Pamplrib’um,
1217 2483 1267 2564 Ly-

318 2585 467 2657 caoniam,
487 2584 660 2646 Isauricum.
682 2587 828 2651 Olivotus.

152 2742 155 2746 ,
280 2709 318 2771 29
339 2690 386 2749 Ad
411 2689 488 2752 hanc
514 2693 749 2754 iurisdietionem
769 2695 859 2758 XXV
879 2698 1016 2757 civitates
1048 2699 1266 2772 conveniebant;

317 2796 395 2856 Plin.
408 2797 447 2870 V,
466 2819 514 2881 29.
536 2799 744 2880 Synnadense,
764 2801 802 2862 de
823 2822 884 2884 quo
905 2803 987 2864 idem
1006 2803 1088 2866 Plin.
1112 2808 1132 2867 l.
1155 2830 1180 2868 c.
1199 2807 1267 2867 Aur

317 2917 472 2963 conuentus
491 2925 512 2965 a
531 2907 678 2985 Synnada
697 2910 803 2991 accipit
822 2930 935 2970 nomen.
959 2910 1145 2974 Conveniunt
1165 2913 1264 2994 Lycao·

317 3030 382 3081 nes,
402 3012 536 3092 Appiani
543 3057 553 3084 ,
573 3014 758 3096 Eucurpcru',
787 3016 947 3096 Dorylaei,
968 3017 1104 3093 Midaei,
1127 3021 1263 3088 Iuliana,

317 3127 345 3172 et
365 3117 468 3198 reliqui
487 3120 625 3196 ignobiles
642 3123 748 3203 populi
767 3121 836 3185 XV.

280 3221 319 3279 30
339 3219 389 3280 Sic
409 3223 578 3285 felicissime
605 3230 731 3289 coniecit
757 3231 954 3310 Mongaltius,
976 3237 1157 3318 recepitque
1181 3234 1261 3294 Olive

317 3336 380 3397 tus,
400 3328 511 3389 Schiitz
536 3343 566 3391 et
592 3333 668 3395 Cler.
700 3336 785 3395 Olim
806 3348 884 3421 κέρας
906 3339 1037 3400 Aonium
1044 3363 1055 3412 ,·
1081 3343 1137 3403 sed
1157 3342 1261 3404 Aoum

316 3430 402 3492 nihili
417 3446 474 3507 est,
492 3443 667 3518 praesertim
688 3463 783 3522 quum
804 3444 876 3504 alias
897 3466 966 3526 epp.
988 3445 1259 3523 CCXXV111,4et

318 3537 442 3614 CCLll,
466 3564 501 3602 ιο
523 3544 600 3618 κέρας
620 3558 736 3607 tantum
751 3552 813 3610 sine
828 3550 888 3611 ullo
902 3552 1047 3615 adiuncto
1062 3555 1180 3616 dixerit
1198 3553 1259 3613 Haec

317 3645 393 3706 milri
414 3651 533 3729 potiora
553 3653 691 3728 suerunt,
712 3678 804 3738 quam
817 3669 852 3718 ut
865 3663 1088 3722 correctionem
1108 3659 1256 3741 Mongatiii

318 3773 483 3832 quaecum
507 3757 594 3819 Plinii
616 3760 671 3821 loe.
694 3767 742 3823 cit.
763 3785 899 3846 pugnare
920 3765 1058 3840 videtur,
1079 3770 1227 3828 reiicerem.

282 3857 314 3917 31
339 3859 420 3922 Alibi
442 3865 616 3948 simpliciter
627 3870 984 3952 provinciarumcmorat3
1006 3886 1037 3937 et
1057 3877 1100 3936 ita
1121 3876 1209 3958 aptius
1224 3877 1255 3928 est
1301 3902 1304 3947 l
