2616 4852
51 374 54 381 ’
154 368 223 415 212
458 363 629 413 Ertsxoul
656 365 821 412 ccxxvlu.
936 359 967 406 Α.
980 362 1015 409 V.
1035 361 1062 409 C.
1081 374 1100 423 με

152 494 240 568 quae
266 479 405 537 senatus
431 465 602 564 decrevit,
628 480 663 538 et
689 491 777 566 quae
803 478 841 536 tu
867 484 1003 562 speras:
1026 463 1100 563 quib

153 594 210 666 ille
236 595 264 665 si
290 590 401 689 cedit,
426 591 513 664 salvi
539 619 665 664 sumus.
691 590 860 663 lucendio
882 589 1100 662 Plaetoriano

154 719 250 820 quod
283 719 381 789 Seius
415 716 605 818 ambustus!
631 730 706 813 est,
742 692 857 787 miuus
890 715 1040 787 moleste
1072 713 1100 786 se

152 845 323 916 Lucceius
349 844 393 916 de
419 844 461 934 Q.
488 845 608 916 Cassio
625 845 657 890 ³²
683 856 842 913 curtam
868 841 1060 914 vehemens
1084 840 1100 912 f

151 972 214 1066 rit,
246 983 281 1040 et
314 967 398 1069 quid
430 982 548 1040 actum
581 968 641 1066 sit⁷
675 992 762 1040 aveo
788 969 885 1039 scire.
920 968 1019 1065 Ego,
1046 993 1100 1068 qut

152 1095 364 1167 Laodiceam
389 1119 534 1190 venero,
554 1095 707 1191 Quinto,
732 1095 862 1166 sororis
888 1107 970 1166 tuae
996 1093 1085 1192 filio,

154 1247 233 1317 garn
266 1247 390 1320 puram
408 1221 439 1268 ³³
465 1216 587 1291 iubeor
621 1218 719 1317 dare3
752 1220 808 1292 eui
837 1218 1100 1292 moderabord

154 1346 298 1444 gentius.
324 1347 508 1418 Deiotarus
527 1341 575 1441 ³4,
609 1345 708 1416 cuius
742 1344 875 1417 auxiliis
909 1346 1047 1442 magnis
1071 1371 1100 1416 tu

154 1495 251 1568 sum,
277 1471 322 1542 ad
347 1497 424 1569 me,
448 1485 488 1541 ut
513 1472 668 1570 scripsit,
699 1497 780 1542 cum
804 1471 1035 1543 Ciceronibus
1060 1475 1100 1544 Le

159 1596 295 1668 diceam
328 1609 494 1668 venturus
527 1611 609 1668 erat.
645 1595 739 1668 Tuas
773 1598 877 1669 etiam
902 1597 1100 1696 Epiroticas

155 1736 319 1820 exspecto
345 1722 478 1820 literas3
511 1736 550 1794 ut
574 1723 723 1794 babeam
748 1725 920 1795 rationem
945 1749 1020 1796 nou
1045 1749 1100 1795 mo

154 1848 283 1947 negotii
292 1904 302 1946 7
327 1874 447 1920 verum
473 1849 579 1920 etiam
604 1850 666 1921 otii
693 1850 751 1920 tui.
775 1837 946 1922 'Nicanor
970 1851 1009 1920 in
1036 1847 1100 1921 offic

155 1987 223 2070 est,
249 1988 284 2045 et
309 2001 329 2046 a
356 2001 411 2045 me
436 1974 625 2046 liberaliter
650 1989 834 2047 tractatur:
853 2002 975 2075 quem,
991 1990 1033 2046 ut
1049 2002 1100 2074 pu*

154 2099 303 2170 Romam
329 2126 409 2170 curn
434 2098 541 2172 literis
573 2100 724 2199 publicis
757 2082 915 2198 mittam3
947 2085 987 2172 ut
1013 2101 1100 2173 etd

156 2224 291 2318 gentius
318 2224 551 2323 perferantur⁷
577 2240 612 2297 et
638 2227 730 2298 idem
757 2225 883 2298 adme
910 2240 1005 2298 certa
1032 2226 1075 2300 de
1098 2255 1100 2262 ⁴

156 2361 191 2417 et
208 2374 227 2418 a
246 2363 280 2419 te
298 2349 430 2421 referat.
456 2350 571 2422 Alexis
585 2354 616 2401 ³⁶
643 2353 739 2452 quod
764 2352 848 2423 milri
875 2354 978 2425 toties
1005 2352 1100 2425 salut

157 2472 340 2574 adscribit,
373 2491 425 2548 est
458 2491 602 2576 gratum.
641 2479 710 2549 Sed
744 2460 804 2551 eur
836 2505 908 2550 nou
942 2480 1013 2550 suis
1044 2479 1100 2550 lite

154 2600 248 2671 idem
274 2600 375 2700 facit7
409 2602 505 2704 quod
536 2631 633 2677 meus
660 2603 705 2675 ad
731 2618 765 2676 te
790 2603 906 2676 Alexis
931 2605 1035 2676 faciti
1059 2604 1100 2677 Pl

87 2754 89 2762 ¹
153 2728 225 2800 mio
244 2734 273 2793 37
301 2732 476 2828 quaeritur·
501 2739 598 2823 κέρας.
625 2730 694 2801 Sed
719 2730 806 2802 haec
831 2731 1010 2802 hactenus.
1038 2733 1100 2802 Cur

153 2871 193 2929 ut
219 2858 356 2956 valeas,
381 2873 416 2929 et
441 2872 480 2930 ut
505 2861 630 2955 seiam,
663 2859 805 2958 quando
829 2856 968 2956 'cogites
994 2860 1098 2929 Roma

153 2984 270 3053 Etiam
297 2998 401 3083 atque
427 2986 532 3055 etiarn
557 2984 644 3057 vale.

203 3106 224 3177 5
252 3108 328 3178 Tua
337 3162 347 3204 7
373 3121 521 3208 tuosque
548 3110 749 3182 Tlrernro³8
775 3125 811 3181 et
835 3135 1001 3208 praeseus
1018 3107 1100 3206 Epln

154 3229 413 3328 diligentissime
440 3237 737 3332 commendaram,
755 3250 791 3307 et
808 3259 902 3306 nuuc
929 3262 992 3334 per
1016 3234 1100 3316 litera

152 3357 335 3458 ipsumque
360 3358 514 3430 intellexi
539 3387 613 3456 esse
638 3361 897 3460 perstudiosum
919 3361 983 3452 tui.
1012 3360 1100 3431 Tuv

152 3481 234 3581 lim7
260 3484 355 3583 quod
381 3497 481 3556 antea
508 3484 553 3557 ad
579 3500 613 3557 te
648 3488 791 3586 scripsi,
817 3486 869 3566 ,de
903 3485 1013 3559 domo
1043 3485 1100 3554 Par

152 3609 246 3677 meni
272 3610 320 3706 ³9,
356 3609 418 3681 des
455 3636 625 3710 operam,
665 3626 730 3709 ut,
769 3609 870 3712 quod.¹
900 3623 962 3714 tuo
1001 3633 1100 3706 meoqt

152 3717 323 3806 beneficio
349 3762 436 3834 puer
459 3735 582 3836 habet,
608 3764 721 3835 cures,
745 3763 789 3808 ne
815 3763 884 3836 qua
905 3737 1039 3808 ratione
1062 3755 1100 3836 co}

155 3851 307 3932 vellatur.
322 3860 473 3962 ,Vtrique
490 3878 649 3936 nostrum
674 3863 861 3936 honestum
880 3862 1051 3956 existim03
1067 3867 1097 3928 tu

152 3983 237 4056 milri
261 3987 327 4058 erit
351 4001 558 4086 pergratum.
