2616 4852
63 320 69 331 ’
158 331 229 404 226
478 345 649 396 ssrsrom
673 347 837 395 ceruus.
931 343 1123 407 sueque

531 573 770 650 CCXXXIII.
871 611 1124 689 (rerumne)

155 757 377 836 Xrgsrnrentum.
397 755 434 817 Τ.
454 753 554 816 Pinnii
574 752 646 826 filii,
673 751 780 836 pupilli
807 752 868 826 sui,
889 752 1048 833 negotium
1069 770 1142 811 cnm-

197 861 327 924 mendat.

352 1067 406 1121 Ser.
425 1067 555 1120 incilicia
573 1067 606 1120 Δ.
625 1066 659 1122 V.
675 1065 704 1119 C.
723 1065 816 1119 DCCII
834 1074 956 1120 exeunte.

167 1349 168 1352 Ἴ
266 1267 310 1330 Μ.
335 1266 371 1329 Τ.
395 1261 539 1329 CICERO
563 1263 597 1327 P.
622 1263 755 1329 SILIO¹
779 1261 919 1341 PROPR.
945 1263 976 1328 S.
1000 1260 1040 1327 D.

202 1453 244 1526 T.
270 1453 399 1527 Pinnio
430 1447 693 1537 familiarissime
724 1475 780 1524 me
812 1477 915 1525 usum
936 1477 1034 1551 esse,
1062 1451 1141 1525 seire

110 1620 111 1625 =
153 1593 198 1681 te
215 1579 385 1653 arbitror:
417 1557 515 1681 qnod
547 1577 690 1680 quidem
713 1576 771 1651 iile
796 1590 1009 1652 testamento
1036 1575 1142 1652 deela-

38 1725 41 1732 ’
152 1706 259 1805 ravit3
284 1707 344 1807 qui
369 1730 425 1778 me
452 1730 560 1807 quum
583 1717 760 1804 tutorem,
794 1718 870 1777 tum
895 1694 1003 1782 etiam
1028 1730 1143 1778 secun·

154 1830 239 1904 dum
263 1830 429 1904 heredem
453 1829 643 1904 instituerit
654 1845 679 1902 ².
699 1829 785 1919 Eius
810 1827 882 1904 filio
908 1831 996 1904 mire
1022 1829 1144 1904 studio·

153 1983 214 2059 soz
231 1970 267 2031 et
292 1957 449 2056 erudito,
473 1970 509 2031 et
529 1954 709 2055 modesto,
732 1958 919 2056 pecuniam
943 1957 1145 2032 Nicaeenses

153 2083 322 2180 grandem
338 2082 495 2176 debent,
519 2080 566 2155 ad
589 2080 675 2154 H-S.
700 2083 872 2180 octogies3
893 2097 946 2181 et,
970 2066 1014 2157 ut
1038 2081 1146 2180 sudio,

152 2207 192 2278 in
221 2209 343 2307 primis
379 2206 506 2281 volunt
537 2194 572 2279 ei
601 2205 745 2282 solvere.
772 2210 989 2308 Pergratum
1013 2207 1142 2307 igitur³

155 2331 241 2404 mihi
266 2331 408 2431 feceris,
445 2331 587 2434 quando
613 2358 689 2407 non
713 2333 823 2407 modo
847 2333 971 2435 reliqui
1002 2347 1144 2428 tutores,

155 2457 214 2558 qui
239 2459 374 2558 sciuntj
396 2460 518 2562 quanti
542 2484 599 2532 me
623 2458 747 2559 facias,
772 2459 835 2533 sed
851 2460 955 2533 etiam
973 2486 1064 2561 puer
1078 2462 1143 2560 ipse

92 2589 98 2600 ‘
154 2583 219 2656 sibi
245 2587 434 2686 persuasit,
452 2600 486 2659 te
505 2588 623 2660 omnia
640 2612 718 2659 mea
738 2613 840 2660 causa
865 2587 1040 2660 facturum
1065 2611 1144 2688 esse,

36 2765 40 2776 .
154 2711 188 2783 si
211 2711 347 2786 dederis
378 2702 542 2813 operam,
572 2712 689 2813 quoad
723 2727 783 2786 tua
814 2713 901 2793 fides
934 2713 1141 2813 dignitasque

156 2839 327 2937 patietur,
351 2853 392 2912 ut
416 2839 699 2940 quamprimum
727 2838 910 2940 pecunias
934 2840 1063 2914 Pinnio
1086 2834 1140 2912 sel·

153 2977 259 3039 vatur
281 2965 525 3040 Nicaeensium
551 2967 702 3040 nomine.
755 2965 758 2971 ’

426 3262 440 3284 .
491 3276 495 3282 .
539 3219 777 3294 CCXXXIV·
886 3256 1115 3319 (sunsaxnuu)

157 3388 375 3469 Argumentum.
395 3395 441 3455 De
462 3397 552 3457 Atilio
578 3400 688 3477 gratias
715 3399 792 3476 agit:
814 3415 901 3457 suum
923 3396 1045 3456 fratrem
1065 3409 1129 3452 eom·

199 3497 326 3558 mendat.
