2616 4852
287 320 354 401 i56
626 344 795 394 rrrsrom
823 346 932 392 ccxxi.
1060 342 1091 391 Α.
1110 345 1146 393 ν.
1165 345 1192 391 e.
1210 359 1250 405 7⁰²

280 480 358 526 eam
384 475 540 547 causam,
566 463 601 521 et
626 464 666 521 ut
691 450 972 549 opprimerentur
996 447 1039 545 ii7
1069 451 1131 547 qui
1157 473 1199 519 ex
1222 450 1267 521 Ci-

278 579 385 652 licum
411 591 512 676 gente
532 593 560 625 ¹⁰
586 577 625 647 in
658 574 760 648 armis
793 587 925 671 essent,
959 587 994 645 et
1022 587 1063 644 ut
1092 572 1204 646 hostis
1226 575 1267 672 is,

280 708 340 808 qui
365 719 456 777 esset
480 688 527 776 in·
543 704 664 802 Syria,
697 704 821 799 sciret,
847 701 1034 772 exercitum
1061 699 1188 799 populi
1212 701 1267 772 Ro·
1301 770 1304 787 .

279 833 375 904 mani
401 856 473 903 non
498 829 606 902 modo
641 855 714 901 non
749 827 872 900 cedere
906 826 960 897 his
989 827 1120 898 nuntiis
1148 825 1250 897 allatis
1258 882 1266 924 7

216 1046 224 1061 .
279 957 343 1030 sed
368 958 474 1028 etiam
499 956 645 1055 propius
672 952 859 1026 accedere:
893 953 1082 1024 exercitum
1115 951 1163 1023 ad
1188 951 1264 1022 Tau·
1302 1027 1304 1051 Ι

271 1101 355 1155 rum
381 1083 516 1155 institui
542 1081 678 1154 ducere.
717 1079 810 1178 sed,
843 1081 872 1151 si
903 1078 987 1180 quid
1011 1077 1110 1178 apud
1134 1104 1198 1151 vos
1223 1104 1264 1148 au-

280 1211 422 1281 ctoritas
448 1235 525 1281 mea
561 1208 726 1308 ponderis
759 1205 888 1306 habet,
922 1208 960 1277 in
996 1206 1038 1277 iis
1060 1204 1264 1312 ,praeaerdu
1300 1196 1304 1220 ¹

279 1334 398 1432 rebus7
423 1361 508 1436 quas
534 1360 598 1407 vos
624 1333 768 1406 audistis
784 1349 823 1431 ¹¹,
851 1357 916 1430 ego
941 1357 1053 1430 paene
1072 1353 1193 1404 cerno:
1210 1356 1264 1402 ma·

279 1486 348 1558 gno
375 1486 481 1560 opere
508 1486 571 1534 vos
598 1474 633 1533 et
657 1459 780 1532 hortor
806 1472 841 1530 et
866 1483 1016 1556 moneo,
1048 1469 1089 1528 ut
1120 1456 1177 1529 his
1200 1481 1262 1556 pro

279 1589 403 1659 vinciis
429 1587 539 1658 serius
564 1613 628 1659 vos
655 1586 812 1688 quidem,
839 1612 944 1687 quam
970 1584 1104 1681 decuit,
1130 1583 1193 1655 sed
1214 1582 1261 1654 ali·

280 1711 421 1816 quando
465 1726 582 1784 tamen
623 1712 819 1785 consulatis.
864 1713 938 1785 Nos
981 1708 1261 1812 quemadmodum

266 1840 490 1938 instructos,
528 1854 563 1911 et
601 1839 725 1940 quibus
763 1837 943 1938 praesidiis
981 1838 1140 1909 munitos
1166 1852 1194 1884 ¹²
1211 1831 1261 1908 ¹ad
1291 1900 1304 1975 ,ἓ

277 1967 367 2037 tanti
392 1964 476 2037 belli
502 1967 704 2064 opinionem
730 1965 912 2062 miseritis,
945 1989 1017 2036 non
1051 1964 1135 2036 estis
1160 1959 1259 2060 ignari.
1295 1984 1304 2059 ς

278 2090 387 2181 Quod
411 2118 475 2190 ego
500 2093 680 2188 negotium
705 2116 780 2163 non
805 2090 951 2163 stultitia
974 2090 1198 2188 obcaecatus,
1212 2086 1260 2160 sed

278 2216 488 2288 verecundia
515 2216 717 2314 deterritus,
741 2243 815 2290 non
840 2217 1006 2291 recusavi.
1037 2215 1161 2317 Neque
1186 2215 1260 2288 euim
1296 2230 1304 2299 ἶ,

276 2366 444 2443 nmquam
469 2342 578 2414 ullum
611 2343 805 2444 periculum
836 2356 975 2415 tantum
1004 2343 1151 2442 putavi,
1183 2335 1260 2442 quod
1292 2382 1304 2445 -ι

276 2465 513 2566 subterfugere
537 2468 691 2565 mallem,
710 2496 814 2571 quam
832 2483 968 2542 vestrae
995 2468 1195 2541 auctoritati
1213 2464 1266 2551 olr
1301 2476 1304 2534 ἲ

276 2605 479 2691 temperare.
512 2594 590 2668 Hoc
626 2609 741 2667 autem
774 2603 931 2695 tempore
957 2621 1012 2667 res
1037 2620 1114 2667 sese
1140 2595 1188 2666 sic
1210 2591 1259 2662 ha-

259 2717 352 2824 Μ,
371 2734 425 2818 ut,
449 2722 516 2793 nisi
542 2724 731 2795 exercitum
755 2737 911 2820 tantum,
936 2735 1108 2823 quantum
1135 2719 1181 2793 ad
1202 2743 1260 2789 ma·
1297 2814 1301 2818 λ

273 2845 407 2917 ximum
442 2846 573 2920 bellum
610 2850 748 2921 mittere
787 2848 928 2948 soletis,
965 2862 1101 2922 mature
1139 2849 1177 2919 in
1210 2843 1260 2915 has

274 2973 472 3069 provincias
498 2976 682 3074 miseritis,
715 3003 890 3048 summum
917 2975 1118 3075 periculum
1145 2977 1204 3070 sit,
1225 2993 1261 3041 ue

275 3098 486 3171 amittendae
508 3091 578 3172 sint
604 3126 725 3173 omnes
750 3100 816 3173 hae
839 3101 1057 3203 provinciae,
1075 3098 1263 3200 quibusve
1282 3076 1304 3153 ἐ

275 3221 410 3318 ctigalia
424 3227 453 3273 ¹³
471 3225 596 3326 populi
613 3227 762 3299 Romani
784 3229 1015 3300 continentur.
1034 3224 1264 3320 Quamobrem

274 3362 390 3420 autem
427 3352 465 3422 in
501 3351 568 3424 hoc
606 3353 813 3452 provinciali
845 3352 981 3425 delectu
1015 3378 1118 3451 spem
1151 3349 1275 3422 habea.

274 3472 319 3543 tis
345 3473 645 3574 aliquamscausa
672 3478 765 3550 nulla
792 3492 852 3550 est.
886 3477 1007 3578 Neque
1039 3477 1144 3549 multi
1173 3488 1269 3567 sunt5

274 3610 310 3667 et
343 3596 528 3697 diffugiunt
561 3604 620 3704 qui
653 3618 754 3701 sunt,
788 3616 882 3674 metu
917 3601 1045 3674 oblato.
1079 3604 1147 3699 Er,
1180 3594 1280 3702 quod

274 3747 381 3818 genus
414 3725 481 3798 hoc
514 3728 662 3801 militum
696 3731 757 3828 sit7
789 3728 959 3801 iudicavit
986 3728 1042 3801 vir
1066 3726 1289 3801 fortissimus

276 3847 323 3920 Μ,
348 3850 493 3926 Bibulus
519 3856 554 3929 in
580 3857 660 3928 Asia
669 3884 679 3955 3
711 3856 787 3956 qni,
818 3881 924 3955 quum
950 3879 1013 3931 vos
1039 3854 1071 3925 ei
1098 3855 1298 3954 permisis·
