2616 4852
430 343 468 389 ru
493 338 682 390 aristotts
984 322 1050 414 451

95 471 170 526 κρον.
193 441 229 503 In
255 440 302 502 his
327 439 421 502 literis
447 441 535 504 dulce
560 462 698 503 amarum
723 440 799 502 illud
824 453 904 516 erat,
930 447 1002 526 quia
1027 457 1058 508 et

94 547 297 610 confirmabas
318 547 393 607 mihi
413 548 545 630 aliquem
568 548 651 610 nulla
677 567 764 609 mora
790 550 968 632 interposita
988 573 1056 613 suc-

93 676 265 728 cessurum,
286 665 316 716 et
336 665 365 716 te
385 654 493 716 adme
513 665 690 727 venturum,
710 657 734 715 si
757 675 842 717 secus
863 642 1026 720 accidisset
1045 702 1047 708 -

57 761 95 825 18
117 763 228 824 Fae'mi
248 761 325 823 liber
344 783 405 823 esse
425 777 592 835 venturum,
612 760 665 822 sed
684 782 746 823 esse
766 783 784 822 a
805 761 971 844 glossatore
991 764 1056 825 edi-

95 881 172 930 tum.
191 868 293 949 Vulgo
304 867 374 951 stne
401 880 565 940 venturum,
593 867 677 949 quod
702 867 867 931 defendunt
894 869 1058 944 Graevius,

93 988 126 1036 et
145 974 283 1057 pluribus
304 974 442 1059 Sanctius
463 975 617 1056 (Minerva
638 973 689 1035 lib.
703 976 734 1048 l,
747 996 773 1036 c.
792 976 885 1057 14,p.
904 977 968 1037 113.
983 980 1057 1037 Am-

94 1081 159 1143 stel.
184 1081 285 1164 1761).
306 1080 366 1142 Sed
385 1092 504 1155 tamen,
523 1092 559 1142 ut
578 1084 620 1142 ait
638 1080 813 1155 Ernestius,
832 1081 964 1151 duorum
985 1082 1056 1143 inti-

94 1189 262 1248 nitivorum
282 1187 454 1270 exemplum
473 1186 592 1249 nullum
613 1186 696 1248 aliud
716 1198 761 1249 est
774 1187 856 1270 apud
871 1187 1057 1249 Ciceronem.

95 1295 204 1376 ltaque
218 1294 290 1375 fiere
314 1296 379 1376 ipse
404 1295 489 1358 uncis
515 1293 644 1355 inclusit.
670 1294 762 1356 Forte
787 1293 863 1354 mihi
890 1293 962 1356 huie
989 1293 1058 1356 loco

95 1400 247 1483 quadrare
260 1403 358 1462 visum
371 1410 432 1477 est3
448 1400 541 1482 idque
553 1403 653 1483 recepi
667 1421 702 1462 ex
716 1399 802 1468 Aldo.
824 1402 906 1462 Tum
917 1399 1005 1461 Amb.
1023 1399 1060 1461 16

97 1521 201 1588 urgent
218 1529 273 1569 me.
287 1508 442 1570 Victorius
462 1518 493 1568 et
512 1507 622 1568 Graev.
633 1520 770 1589 peragunt
781 1527 841 1580 me,
855 1506 938 1589 quod
952 1528 1060 1569 sanum

93 1624 188 1695 negat
206 1613 372 1676 Emestius.
392 1614 512 1674 Dicitur
532 1616 613 1675 enim
630 1634 760 1696 pungere
779 1613 818 1674 de
837 1615 900 1674 acri
921 1635 1010 1675 sensu
1023 1633 1059 1674 ex

95 1720 200 1803 aliqua
220 1742 269 1793 re,
288 1731 323 1782 ut
343 1742 389 1803 ep.
410 1720 498 1782 XLII
518 1723 582 1782 init.
603 1721 725 1802 epistola
738 1720 808 1793 itta,
821 1721 925 1803 inquo
937 1718 975 1780 de
988 1739 1060 1801 agro

96 1827 252 1911 Campano
271 1829 386 1901 scribut,
405 1828 448 1890 ito
467 1848 513 1889 me
531 1829 669 1911 pupugit,
690 1840 723 1889 ut
740 1848 875 1888 somnum
894 1827 966 1887 mitt
985 1825 1059 1888 ade-

94 1935 189 1995 merit.
210 1934 272 2013 Qui
293 1955 395 1996 sensus
415 1933 466 1996 hic
486 1934 587 1996 locum
607 1955 670 1999 non
690 1932 804 2005 hahet,
823 1931 877 1992 ubi
897 1934 997 2014 agitur
1022 1931 1060 1993 de
1106 2015 1109 2022 Ι

95 2040 286 2102 solicitudine
306 2043 462 2114 continua,
482 2042 514 2101 in
536 2062 597 2123 qua
617 2043 779 2123 proprium
797 2050 841 2101 est
853 2059 968 2120 angere.
981 2037 1060 2101 Edd.

94 2158 168 2210 vett.
188 2169 308 2221 revera,
327 2158 448 2231 praeter
468 2149 558 2221 lens,
577 2160 697 2228 ungunt.

58 2277 96 2337 ¹9
116 2255 202 2336 Ipse,
216 2255 299 2337 quod
316 2258 456 2338 nuspiam
470 2257 501 2317 in
515 2256 567 2316 tali
582 2265 667 2317 textu
683 2254 820 2331 additur,
833 2253 989 2316 Ernestius
1003 2275 1058 2314 un·

96 2363 139 2422 cis
161 2360 287 2422 inclusit.
308 2360 474 2424 Lambinus
495 2362 593 2423 litetur
612 2362 682 2443 ipse.
704 2363 785 2424 Tum
799 2360 870 2424 libri
884 2361 972 2422 multi
990 2381 1059 2421 ceu-

98 2468 208 2528 turioni
224 2467 391 2530 Scamulae.
921 2537 933 2555 ⁴

24 2641 27 2644 ,
58 2595 96 2636 20
117 2573 211 2635 Caelii
232 2574 347 2656 collega
360 2578 392 2636 in
412 2575 559 2637 aedilitate
573 2573 689 2649 curuli3
709 2595 756 2656 ep.
778 2573 874 2646 cett,
895 2595 922 2633 a.
947 2572 1060 2633 Tenon

93 2694 215 2763 puutre,
234 2681 295 2742 soil.
316 2703 365 2743 me
385 2685 547 2744 missurum
568 2685 631 2743 eius
652 2681 784 2762 collegae
805 2679 977 2764 pantheras.

58 2807 92 2847 21
115 2789 164 2866 De
184 2786 243 2849 hae
262 2788 350 2850 laude
375 2789 464 2871 plura
490 2792 552 2850 iam
579 2768 685 2852 (liceri)
712 2790 743 2849 in
773 2809 842 2871 epp.
864 2786 1005 2858 CCVlll,
1029 2808 1059 2862 ις

96 2893 210 2967 CCIX,
231 2915 249 2955 a
269 2906 300 2956 et
319 2895 520 2969 CCXXVlll,
542 2917 569 2957 a.
1017 2935 1019 2938 -
1089 2887 1091 2890 ¹

59 3022 96 3061 22
116 2999 205 3062 Libri
224 3002 312 3063 multi
331 3015 466 3064 sumtum.

58 3109 96 3168 23
111 3107 164 3168 Sic
176 3119 263 3170 vetus
276 3107 353 3170 liber
366 3109 486 3182 Vrsini,
501 3109 584 3191 quod
597 3119 627 3170 et
641 3108 752 3170 Schiitz
765 3108 887 3190 recepit.
902 3106 1003 3187 Vulgo
1016 3127 1060 3165 se-

97 3215 160 3277 mel
172 3226 277 3277 mmen.
299 3216 380 3277 Tum
394 3219 479 3278 uncis
493 3216 608 3278 inclusa
621 3216 716 3278 verba
730 3214 857 3277 delenda
870 3223 948 3276 sunt.
962 3215 1060 3274 Immo

96 3319 256 3401 Ernestius
276 3323 367 3384 etiam
386 3324 499 3400 accepit
519 3322 638 3384 inclusit
657 3325 758 3394 uncis,
780 3320 939 3383 Schir'tzius
960 3321 1060 3381 omnia

97 3426 224 3500 delevit,
244 3439 274 3490 et
293 3450 349 3512 pro
366 3428 446 3512 facit
472 3429 575 3491 mallet
601 3431 729 3512 occepit,
751 3441 790 3493 ut.
817 3430 865 3490 De
891 3427 969 3488 lulia
995 3427 1062 3508 lege
1118 3432 1123 3442 ’

98 3555 148 3615 ep.
170 3534 308 3608 CXCVI,
332 3557 359 3596 a.

56 3641 98 3717 24
118 3640 263 3718 Quicum
275 3641 349 3704 mihi
361 3643 593 3717 commendavit,
605 3653 640 3705 ut
651 3642 785 3724 legatum
796 3642 934 3704 facerem.
946 3637 1060 3701 Ernest.

56 3745 99 3806 25
120 3747 184 3824 Qui
205 3750 258 3820 sit,
277 3749 414 3812 nondum
435 3754 544 3833 reperi.
566 3749 666 3816 Idem.
1130 3821 1132 3831 .

56 3851 98 3914 26
119 3853 258 3932 Scilicet,
278 3857 389 3940 quibus
416 3859 544 3942 pecunia
570 3859 598 3922 ci
625 3859 843 3940 imperaretur,
870 3864 900 3916 et
926 3851 1060 3933 erogatio
1115 3878 1120 3886 ’
