2616 4852
491 356 662 405 rrisrom
687 359 820 407 ccxxxi.
932 356 964 407 t.
985 363 1019 408 v.
1037 362 1064 408 c.
1082 375 1126 423 70²

556 586 757 658 CCXXXI·
871 628 924 685 (aa
937 630 991 672 mv.
1004 631 1071 688 xiii,
1085 631 1124 686 se)

157 763 377 843 Argumentum.
397 764 519 844 Negotia
541 763 639 823 Cluvii
659 763 819 823 Puteolani
841 765 1041 825 commendat.

415 969 468 1020 Sor.
487 969 620 1020 incilicia
640 970 670 1022 A.
688 969 721 1021 V.
739 970 767 1022 C.
786 970 888 1021 DCCll.

278 1159 320 1221 M.
345 1159 381 1220 T.
406 1159 550 1223 CICERO
575 1157 742 1222 THERMO
768 1158 907 1223 PROPR.
933 1161 963 1223 S.
989 1161 1026 1222 D.

205 1339 347 1413 Cluvius
372 1338 585 1412 Puteolanus
610 1337 714 1412 valde
738 1364 795 1410 me
820 1339 1003 1438 observat,
1033 1340 1143 1413 valde-

157 1494 224 1568 que
249 1480 302 1539 est
325 1465 411 1538 mihi
434 1465 618 1537 familiaris.
636 1466 671 1537 Is
688 1466 736 1536 ita
755 1464 820 1537 sibi
837 1467 1041 1564 persuadet,
1057 1466 1145 1567 quod

155 1595 192 1666 in
217 1609 278 1666 tua
303 1593 482 1693 provincia
509 1592 639 1689 negotii
664 1590 809 1689 habeat⁷
833 1592 917 1690 nisi,
946 1606 983 1664 te
1008 1593 1146 1690 prouin-

157 1722 246 1792 ciam
271 1720 469 1816 obtinente,
493 1719 579 1791 meis
606 1716 971 1791 commendationibus
997 1718 1148 1790 coniece-

155 1848 217 1945 rit,
249 1846 287 1918 id
320 1871 356 1918 se
389 1847 427 1916 in
461 1844 606 1944 perditis
644 1857 680 1915 et
716 1843 907 1941 desperatis
941 1843 1148 1915 habiturum.

153 1971 275 2070 Nunc,
300 1972 440 2074 quando
466 1971 551 2042 mihi
568 1987 578 2018 ¹
598 1968 642 2042 ab
659 1970 780 2066 amieo
807 1969 1062 2043 officiosissimo
1080 1983 1150 2042 tan-

154 2113 230 2172 tum
256 2101 370 2171 oneris
395 2098 601 2194 imponitur,
626 2122 690 2194 ego
706 2122 856 2195 -quoque
882 2095 946 2167 tibi
971 2097 1150 2194 imponam

153 2247 220 2321 pro
253 2223 321 2292 tuis
354 2223 393 2292 iu
427 2247 482 2291 me
516 2222 658 2293 summis
692 2221 835 2292 officiis:
867 2221 916 2291 ita
941 2235 1083 2317 tamen,
1113 2233 1150 2292 ut

157 2347 219 2418 tibi
244 2345 353 2419 nolim
377 2345 544 2418 molestus
570 2371 653 2417 esse.
674 2344 837 2443 Mylaseis
859 2359 896 2416 et
911 2344 1149 2420 Alabandeis²

43 2549 54 2570 Ι,
81 2480 85 2490 ’
154 2473 339 2573 pecuniam
365 2472 490 2544 Cluvio
518 2470 656 2544 debent.
687 2473 830 2543 Dixerat
854 2471 941 2543 mihi
966 2471 1149 2570 Euthyde-

88 2692 92 2697 ·
154 2625 248 2699 mus,
274 2625 381 2701 quum
406 2599 538 2698 Ephesi
564 2625 674 2671 essem
681 2654 691 2696 7
724 2624 761 2669 se
787 2611 1005 2703 curaturum,
1032 2612 1072 2670 ut
1097 2624 1149 2669 ee·

155 2724 223 2796 dici
256 2723 394 2823 Mylasii
419 2728 567 2796 Romam
592 2725 820 2796 mitterentur.
853 2722 896 2794 Id
922 2723 1053 2795 factum
1074 2736 1149 2796 ‘non

154 2866 214 2923 est.
240 2852 390 2947 Legatos
410 2849 515 2922 audio
533 2850 656 2921 missos
675 2875 758 2921 esse.
777 2847 847 2921 Sed
863 2849 956 2921 malo
975 2848 1149 2946 ecdicos³,

153 2990 194 3046 ut
218 2975 349 3075 aliquid
374 2976 502 3047 confici
527 2977 646 3074 possit.
673 2976 790 3066 Quare
815 2988 900 3073 peto
926 3000 945 3045 a
971 2988 1025 3073 te,
1051 2987 1148 3046 utet

153 3104 230 3196 eos7
256 3112 291 3170 et
316 3098 525 3173 Alabandeis
550 3101 670 3171 iubeas
696 3100 835 3173 ecdicos
860 3103 1011 3174 Romam
1039 3102 1147 3172 mitte

151 3252 197 3297 re.
223 3228 406 3305 Praeterea
432 3225 588 3298 Philotes
614 3226 869 3308 Alabandensis
896 3229 1054 3305 ὑποθήκας
1073 3225 1151 3299 Clu-

151 3352 211 3422 vio
247 3350 345 3422 dedit
361 3351 385 3422 4.
418 3353 493 3424 Hae
527 3355 731 3425 commissae
765 3367 853 3425 suut.
879 3352 998 3424 Velim
1022 3378 1176 3446 (cures,

150 3489 190 3546 ut
216 3490 276 3547 aut
302 3477 345 3547 de
370 3477 579 3577 hypothecis
607 3478 754 3550 decedat
772 3481 798 3577 ⁵7
830 3504 957 3579 easque
986 3502 1179 3576 procura—

150 3601 284 3674 toribus
310 3602 423 3676 Cluvii
448 3605 580 3702 tradat7
607 3619 666 3675 aut
691 3605 877 3703 pecuniam
904 3604 1027 3677 solvat.
1048 3606 1179 3678 Praoe

82 3749 85 3754 ·
150 3741 244 3800 terea
269 3729 496 3801 Heracleotae
523 3744 558 3801 et
581 3729 806 3827 Bargyletae7
824 3731 883 3830 qui
901 3732 986 3802 item
1005 3728 1179 3808 dabani

150 3867 210 3927 aut
234 3855 419 3956 pecuniam
446 3856 600 3953 solvant,
636 3869 696 3928 aut
726 3856 895 3929 fructibus
921 3858 1023 3929 suis6
1048 3852 1179 3944 θείῃ
