2616 4852
152 340 224 432 304
517 359 690 407 crissoni
714 360 787 406 ceu.
934 359 967 409 a.
984 364 1020 417 r.
1037 365 1064 410 c.
1081 364 1124 424 703

151 466 315 569 cronium
331 463 607 563 ³⁰,1sauricum3
638 485 682 534 ex
700 460 837 534 idibus
867 462 973 536 Maiis
1004 464 1043 537 in
1072 467 1143 540 citi-

151 594 259 693 ciam,
286 604 327 687 ut
343 588 393 663 ibi
407 584 539 662 'Inuus
564 600 799 662 consumatur.
825 587 945 663 Velim
971 593 1142 694 tranquille

150 746 172 794 a
196 708 345 795 Parthis.
378 714 561 814 Quintilis,
591 717 623 790 si
653 716 720 788 erit
748 729 790 791 ut
817 715 998 819 volumus,
1029 720 1068 792 in
1097 722 1153 794 iu

150 816 235 945 nere
260 859 330 943 cst,
353 869 418 947 per
441 841 663 943 provinciam
679 840 927 943 redeuntibus,
953 869 1139 943 consumen-

153 972 228 1047 dus.
254 971 426 1043 Venimus
444 969 538 1043 enim
562 969 601 1040 in
625 968 863 1068 provinciam,
887 968 1098 1045 Laodiceam
1109 978 1137 1072 ³¹,

153 1097 309 1198 Sulpicio
334 1110 371 1171 et
395 1093 563 1169 Marcello
589 1093 808 1194 consulibus,
832 1095 948 1196 pridie
974 1096 1052 1171 Kal.
1075 1098 1136 1172 Sex·

152 1224 240 1298 tiles.
266 1220 354 1298 Inde
379 1248 446 1296 nos
471 1236 615 1323 oportet
640 1220 809 1295 decedere
834 1247 865 1294 a.
890 1221 923 1297 d
941 1225 1014 1296 1111
1034 1223 1135 1298 Kal³²
1176 1210 1178 1223 ¹

152 1354 244 1443 Sext.
270 1352 429 1424 Primum
455 1347 669 1445 contendam
694 1374 715 1421 a
740 1349 876 1440 Quinto
904 1349 1032 1450 fratre,
1055 1364 1136 1424 utre

151 1479 306 1581 praefici
322 1477 495 1578 patiatur:
521 1474 619 1581 quod
644 1489 680 1548 et
708 1475 769 1548 illo
794 1489 832 1548 et
856 1502 913 1549 mc
945 1477 1135 1551 invitissimo

152 1596 217 1679 fiet
231 1607 272 1680 ³³.
298 1602 367 1678 Sed
392 1602 494 1679 aliter
517 1603 665 1695 honeste
690 1603 765 1676 fieri
789 1627 864 1677 non
895 1616 1037 1706 potest,
1060 1599 1137 1706 prae

152 1733 273 1809 sertim
290 1759 399 1833 quum
413 1733 528 1805 vuum
546 1731 736 1832 optimum,
752 1731 986 1832 Pomtinium,
1001 1756 1047 1835 ne
1063 1757 1137 1825 nuuc

153 1859 298 1962 quidem
321 1860 471 1933 retinere
488 1859 631 1959 possim.
657 1858 765 1957 Rapit
782 1859 876 1930 enim
892 1856 1074 1931 hominem
1086 1865 1138 1933 Po

154 1987 302 2061 stu'mius
322 1987 490 2084 Romam,
518 1985 665 2059 fortasse
690 1985 797 2057 etiam
820 1986 1004 2058 Postumia
1017 1984 1058 2059 ³4.

205 2116 229 2186 8
255 2111 374 2185 Habes
411 2109 555 2184 consilia
592 2124 722 2184 nostra.
762 2108 866 2186 Nunc
903 2134 1076 2210 cognosce
1107 2110 1141 2183 de

154 2238 275 2311 Bruto.
301 2236 506 2311 Familiares
530 2237 639 2309 habet
654 2239 784 2310 Brutus
802 2250 882 2309 tuus
900 2236 1070 2337 quosdam
1087 2263 1144 2312 cre·

156 2362 287 2435 ditores
313 2362 583 2437 Salaminiorum
611 2390 655 2436 ex
679 2364 819 2463 Cypro,
844 2364 891 2435 Μ.
917 2363 1146 2464 Scaptiumet

154 2490 195 2562 P.
221 2488 424 2588 Metilium,
449 2515 539 2591 quos
555 2490 641 2563 milri
658 2484 828 2562 maiorem
843 2490 881 2562 in
897 2489 1046 2563 modum
1063 2514 1146 2563 com·

154 2613 346 2689 ruendavit.
371 2616 558 2690 Matinium
583 2642 656 2689 non
681 2616 775 2690 novi.
802 2616 966 2715 Scaptius
988 2616 1035 2688 ad
1051 2616 1147 2688 mein

155 2755 268 2816 castra
294 2742 401 2817 venit.
427 2741 610 2815 Pollicitus
636 2769 713 2815 sum
740 2754 943 2815 curaturum
968 2769 1041 2841 me,
1061 2729 1149 2816 Bruti

154 2856 270 2967 causa,
285 2883 326 2941 ut
343 2870 376 2943 ei
392 2868 571 2945 Salaminii
583 2870 771 2970 pecuniam
785 2867 970 2945 solverent.
987 2869 1073 2968 Egit
1085 2894 1147 2969 gra·

153 2994 230 3067 tias.
255 2995 515 3071 Praefecturam
531 2998 666 3098 petivit.
691 2996 826 3094 Negavi
842 3021 899 3069 me
917 2995 1083 3098 cuiquam
1097 3020 1149 3069 ne·

153 3119 303 3214 gotiauti
320 3122 357 3183 ³⁵:
371 3121 476 3195 'darer
503 3124 600 3224 quod
625 3123 721 3199 idem
745 3122 811 3198 tibi
837 3122 1148 3196 ostenderamst‘n

152 3243 326 3344 Pompeio
357 3249 492 3346 petenti
510 3250 543 3298 ³⁶
567 3249 757 3350 probaram
787 3249 990 3321 institutum
1022 3272 1147 3322 mcum:

153 3369 241 3468 quid
267 3370 404 3446 dioaml
430 3376 629 3476 Torquato,
649 3376 694 3448 de
711 3376 758 3448 M.
774 3376 887 3448 Lenio
905 3388 968 3448 tuo
982 3377 1025 3475 ³⁷,
1040 3373 1147 3448 multis

154 3492 239 3567 aliis,
264 3498 300 3569 Si
317 3500 513 3599 praefectus
531 3502 637 3576 vellet
661 3530 735 3575 csse
759 3500 982 3601 syngraphae
1001 3501 1150 3597 causam,

154 3645 213 3693 mc
242 3639 464 3728 curaturum,
489 3644 530 3702 ut
554 3631 715 3728 exigeret.
742 3630 882 3702 Gratias
916 3630 1004 3728 egit3
1030 3627 1150 3700 disces·

154 3747 208 3824 sit.
233 3751 370 3855 Appius
395 3769 515 3830 noster
541 3770 672 3829 turmas
698 3755 833 3859 aliquot
866 3756 1022 3858 equitum
1055 3751 1151 3826 dede·

153 3889 208 3952 rat
226 3876 321 3977 huic,
334 3880 496 3983 Scaptio,
520 3910 585 3984 per
611 3881 934 3986 quas-Salaminios
959 3889 1150 3971 coerceret,
