2632 4860
170 331 212 425 ¹4
476 351 647 401 arrsrom
674 340 835 403 crxxxu.
947 353 978 404 a.
996 359 1030 406 v.
1049 361 1078 406 c.
1097 373 1147 422 φοι

162 454 330 530 tisdando
364 480 467 555 vero,
503 469 539 527 te
572 481 681 554 rogo,
713 457 833 556 quoad
858 458 925 546 eris
950 461 1107 563 Romae,
1133 477 1171 538 tu

162 596 202 654 ut
226 581 383 655 satisdes.
409 583 459 654 Et
483 595 567 655 sunt
592 581 727 684 aliquot
751 583 1025 659 satisdationes⁵
1048 615 1171 662 secun-

162 709 247 781 dum
271 710 505 809 mancipium,
522 710 560 781 in
577 708 632 782 his
650 708 707 784 vel
715 696 735 760 '⁶
752 711 1046 786 Memmianorum
1066 742 1170 816 prae·

161 836 318 935 diorum,
343 835 400 909 vel
431 827 673 910 Atilianorum.
706 839 760 910 De
786 838 925 938 Oppio,
958 839 1171 916 factumest

160 977 200 1036 ut
224 962 339 1063 volui,
363 978 399 1037 et
424 964 591 1065 maxime,
616 963 714 1067 quod
741 986 851 1038 occet
875 969 1058 1070 aperuisti:
1077 997 1169 1070 quae

160 1090 303 1192 quidem
336 1117 400 1191 ego
434 1093 554 1195 utique
588 1092 645 1167 vel
663 1083 842 1181 ‚versura'
858 1107 872 1180 [
888 1094 981 1169 facta
997 1097 1038 1184 1⁸
1078 1098 1170 1172 solvi

159 1216 264 1316 volo;
282 1245 344 1293 ue
377 1214 532 1294 extrema
568 1222 724 1295 exactio·
744 1236 947 1297 nostrorum
979 1225 1169 1297 nominum

159 1359 390 1446 exspectetur.
444 1380 446 1385 ·

210 1475 231 1547 3
257 1473 361 1547 Nunc
388 1475 491 1548 venio
518 1473 565 1547 ad
590 1488 858 1549 transversumt
874 1475 972 1549 illum
991 1491 1167 1551 extremae

159 1601 328 1702 epistolae
366 1615 447 1674 tuae
486 1600 719 1701 versiculum,
750 1602 788 1674 in
817 1628 888 1704 quo
914 1626 976 1676 me·
997 1603 1168 1680 admones

72 1822 75 1831 A
158 1726 203 1800 de
228 1753 347 1803 sorore
367 1744 406 1800 ¹⁰.
433 1730 535 1821 Quae
561 1755 616 1801 res
649 1755 686 1801 se
720 1730 770 1801 sie
803 1728 919 1801 habet.
946 1728 997 1803 Vt
1025 1733 1106 1804 veni
1131 1733 1168 1804 in

155 1857 308 1954 Arpinas
328 1872 368 1954 ¹¹,
394 1883 503 1957 quum
529 1855 576 1928 ad
601 1883 658 1928 me
683 1840 792 1929 frater
824 1857 999 1954 venisset,
1032 1858 1069 1929 iu
1095 1860 1168 1958 pri·

155 1983 222 2056 mis
246 1982 350 2055 nobis
383 2008 521 2082 sermo,
550 1985 650 2083 isque
682 1981 840 2083 multus,
873 1982 917 2055 de
943 1996 978 2056 te
1003 1982 1091 2056 fuit:
1124 2010 1167 2058 ex

156 2132 227 2209 quo
253 2109 336 2180 veni
362 2108 408 2179 ad
434 2133 495 2206 ea,
529 2135 618 2208 quae
652 2108 826 2182 ineramus
855 2134 921 2207 ego
947 2123 983 2182 et
1009 2123 1049 2181 tu
1074 2109 1196 2217 interx

154 2260 222 2308 nos
248 2235 292 2307 de
318 2260 439 2309 sorore
463 2237 502 2307 in
519 2235 722 2310 Tusculano
748 2236 867 2311 locuti.
886 2236 983 2311 Nihil
1001 2250 1074 2310 tam
1091 2236 1166 2314 vidi

155 2361 258 2461 mite,
283 2361 372 2434 nihil
398 2379 471 2436 tam
496 2364 695 2465 placatum,
720 2378 925 2466 quamtum
942 2389 1042 2439 meus
1059 2365 1165 2440 frater

155 2503 231 2562 erat
262 2490 300 2562 iu
321 2515 490 2563 sororem
523 2504 641 2589 tuam3
673 2503 714 2563 ut
746 2491 869 2591 etiam,
901 2491 931 2564 si
957 2517 1027 2593 qua
1052 2491 1165 2566 fuerat

155 2643 198 2691 ex
223 2618 367 2690 ratione
385 2632 501 2691 sumta
527 2618 676 2692 offensio
697 2633 737 2717 ¹²,
768 2644 843 2692 non
876 2632 1072 2719 appareret.
1099 2619 1164 2693 ltlo

104 2752 108 2766 '
153 2749 203 2820 sic
231 2746 287 2819 die
308 2748 345 2818 ¹³.
380 2745 555 2820 Postridie
588 2772 630 2817 ex
656 2746 820 2846 Arpinati
852 2744 1003 2846 proiecti
1032 2773 1162 2820 sumus.

152 2875 204 2946 Vt
230 2876 265 2947 in
291 2876 431 2948 Arcano
458 2874 612 2965 Quintus
639 2886 814 2972 maneret,
839 2871 913 2944 dies
928 2870 958 2937 ¹4
983 2871 1080 2944 feeit:
1098 2897 1163 2971 ego

152 3001 302 3100 Aquini5
340 2999 403 3071 sed
435 2999 643 3097 prandimus
676 3000 713 3069 in
746 2999 896 3070 Arcano.
930 2997 1034 3071 Nosti
1065 2997 1161 3070 hune

151 3125 309 3198 fundum.
336 3126 419 3217 Quo
444 3138 485 3197 ut
513 3125 689 3221 venimus,
713 3122 965 3197 humanissime
991 3123 1164 3223 Quintus,

151 3253 370 3353 Pomponia,
393 3253 532 3354 inquit,
561 3266 600 3324 tu
625 3252 736 3325 invita
761 3251 924 3326 mulieres
944 3253 983 3351 ¹⁵,
1010 3277 1076 3350 ego
1103 3279 1161 3325 ac-

153 3381 272 3454 civero
297 3404 438 3480 pueros.
464 3378 560 3453 Nihil
585 3380 724 3482 potuit7
755 3378 844 3450 mihi
873 3378 1017 3480 quidem
1042 3392 1084 3449 ut
1108 3379 1163 3453 vi-

151 3533 231 3579 sum
255 3521 325 3606 est,
351 3504 504 3607 dulcius,
528 3506 635 3609 idque
661 3532 770 3608 quum
795 3504 930 3602 verbis,
951 3518 1028 3578 tum
1052 3504 1163 3577 etiam

152 3634 269 3706 animo
295 3661 337 3707 ac
363 3634 472 3708 uultu.
499 3633 648 3734 Arilla,
677 3632 901 3707 audientibus
925 3630 1051 3731 nobis,
1080 3629 1162 3729 Ego

151 3786 230 3832 sum
243 3765 290 3859 1¹⁶,
314 3762 446 3863 iuquit,
471 3761 528 3836 hic
555 3761 706 3862 hospita.
734 3759 784 3843 ,ld
817 3776 935 3834 autem
964 3786 1006 3832 ex
1032 3784 1074 3831 eo
1083 3815 1095 3858 ,
1121 3772 1162 3831 ut

151 3889 296 3988 opinor,
321 3888 417 3992 quod
443 3904 677 3966 antecesserat
702 3891 832 3964 Statius
849 3906 889 3990 ¹⁷,
905 3901 946 3961 ut
964 3886 1157 3989 prandium
