<?xml version="1.0" encoding="UTF-8"?>
<!DOCTYPE html PUBLIC "-//W3C//DTD XHTML 1.0 Transitional//EN"
    "http://www.w3.org/TR/xhtml1/DTD/xhtml1-transitional.dtd">
<html xmlns="http://www.w3.org/1999/xhtml" xml:lang="en" lang="en">
 <head>
  <title>
</title>
<meta http-equiv="Content-Type" content="text/html;charset=utf-8" />
  <meta name='ocr-system' content='tesseract 3.04.00' />
  <meta name='ocr-capabilities' content='ocr_page ocr_carea ocr_par ocr_line ocrx_word'/>
</head>
<body>
  <div class='ocr_page' id='page_1' title='image "./mtulliiciceroni02cicegoog_0297.png"; bbox 0 0 2616 4852; ppageno 0'>
   <div class='ocr_carea' id='block_1_1' title="bbox 157 313 1156 806">
    <p class='ocr_par' dir='ltr' id='par_1_1' title="bbox 157 313 1156 806">
     <span class='ocr_line' id='line_1_1' title="bbox 164 313 1136 429; baseline -0.012 -27"><span class='ocrx_word' id='word_1_1' title='bbox 164 355 234 429; x_wconf 79' lang='lat'><strong>292</strong></span> <span class='ocrx_word' id='word_1_2' title='bbox 491 345 663 395; x_wconf 76' lang='lat' dir='ltr'><strong>sris-roca</strong></span> <span class='ocrx_word' id='word_1_3' title='bbox 689 347 822 394; x_wconf 76' lang='lat' dir='ltr'><strong>ccxcix.</strong></span> <span class='ocrx_word' id='word_1_4' title='bbox 869 313 905 361; x_wconf 68' lang='lat' dir='ltr'><em>s</em></span> <span class='ocrx_word' id='word_1_5' title='bbox 944 341 975 390; x_wconf 81' lang='grc' dir='ltr'><strong>Λ.</strong></span> <span class='ocrx_word' id='word_1_6' title='bbox 995 345 1029 392; x_wconf 92' lang='lat' dir='ltr'><strong>v.</strong></span> <span class='ocrx_word' id='word_1_7' title='bbox 1048 343 1136 402; x_wconf 63' lang='lat' dir='ltr'><strong>crta</strong></span> 
     </span>
     <span class='ocr_line' id='line_1_2' title="bbox 160 445 1156 552; baseline -0.011 -23"><span class='ocrx_word' id='word_1_8' title='bbox 160 455 285 529; x_wconf 91' lang='lat' dir='ltr'><strong>crebro</strong></span> <span class='ocrx_word' id='word_1_9' title='bbox 311 479 331 527; x_wconf 90' lang='lat' dir='ltr'><strong>a</strong></span> <span class='ocrx_word' id='word_1_10' title='bbox 356 453 442 527; x_wconf 90' lang='lat' dir='ltr'><strong>meis</strong></span> <span class='ocrx_word' id='word_1_11' title='bbox 461 477 524 552; x_wconf 88' lang='lat' dir='ltr'><strong>per</strong></span> <span class='ocrx_word' id='word_1_12' title='bbox 542 450 659 522; x_wconf 85' lang='lat' dir='ltr'>literas</span> <span class='ocrx_word' id='word_1_13' title='bbox 677 448 822 546; x_wconf 79' lang='lat' dir='ltr'><strong>certi0r3</strong></span> <span class='ocrx_word' id='word_1_14' title='bbox 838 460 959 520; x_wconf 84' lang='lat' dir='ltr'><strong>tamen</strong></span> <span class='ocrx_word' id='word_1_15' title='bbox 976 445 1156 518; x_wconf 83' lang='lat' dir='ltr'><strong>maximam</strong></span> 
     </span>
     <span class='ocr_line' id='line_1_3' title="bbox 159 571 1152 679; baseline -0.013 -24"><span class='ocrx_word' id='word_1_16' title='bbox 159 581 330 655; x_wconf 77' lang='lat' dir='ltr'><strong>laetitiam·</strong></span> <span class='ocrx_word' id='word_1_17' title='bbox 360 579 440 679; x_wconf 79' lang='lat' dir='ltr'><strong>cepi</strong></span> <span class='ocrx_word' id='word_1_18' title='bbox 471 592 515 649; x_wconf 78' lang='lat' dir='ltr'><strong>etr</strong></span> <span class='ocrx_word' id='word_1_19' title='bbox 540 577 619 649; x_wconf 87' lang='lat' dir='ltr'><strong>tuis</strong></span> <span class='ocrx_word' id='word_1_20' title='bbox 633 574 743 649; x_wconf 87' lang='lat' dir='ltr'><strong>literis</strong></span> <span class='ocrx_word' id='word_1_21' title='bbox 768 575 814 648; x_wconf 90' lang='lat' dir='ltr'><strong>de</strong></span> <span class='ocrx_word' id='word_1_22' title='bbox 838 598 902 678; x_wconf 89' lang='lat' dir='ltr'><strong>spe</strong></span> <span class='ocrx_word' id='word_1_23' title='bbox 927 572 1074 645; x_wconf 88' lang='lat' dir='ltr'><strong>minime</strong></span> <span class='ocrx_word' id='word_1_24' title='bbox 1097 571 1152 643; x_wconf 90' lang='lat' dir='ltr'><strong>du</strong></span> 
     </span>
     <span class='ocr_line' id='line_1_4' title="bbox 157 678 1150 806; baseline -0.012 -26"><span class='ocrx_word' id='word_1_25' title='bbox 157 708 232 805; x_wconf 82' lang='lat' dir='ltr'><strong>hia,</strong></span> <span class='ocrx_word' id='word_1_26' title='bbox 258 719 294 778; x_wconf 91' lang='lat' dir='ltr'><strong>et</strong></span> <span class='ocrx_word' id='word_1_27' title='bbox 318 704 422 806; x_wconf 90' lang='lat' dir='ltr'><strong>plane</strong></span> <span class='ocrx_word' id='word_1_28' title='bbox 447 678 627 803; x_wconf 84' lang='lat' dir='ltr'><strong>explorata</strong></span> <span class='ocrx_word' id='word_1_29' title='bbox 654 699 823 801; x_wconf 88' lang='lat' dir='ltr'><strong>triumphi</strong></span> <span class='ocrx_word' id='word_1_30' title='bbox 849 700 909 772; x_wconf 90' lang='lat' dir='ltr'><strong>tui.</strong></span> <span class='ocrx_word' id='word_1_31' title='bbox 936 698 1062 798; x_wconf 82' lang='lat' dir='ltr'>Neque</span> <span class='ocrx_word' id='word_1_32' title='bbox 1079 723 1150 769; x_wconf 88' lang='lat' dir='ltr'><strong>vcro</strong></span> 
     </span>
    </p>
   </div>
   <div class='ocr_carea' id='block_1_2' title="bbox 157 826 1150 1058">
    <p class='ocr_par' dir='ltr' id='par_1_2' title="bbox 157 826 1150 1058">
     <span class='ocr_line' id='line_1_5' title="bbox 158 826 1150 932; baseline -0.011 -23"><span class='ocrx_word' id='word_1_33' title='bbox 158 833 205 909; x_wconf 89' lang='lat' dir='ltr'><strong>ob</strong></span> <span class='ocrx_word' id='word_1_34' title='bbox 239 860 329 932; x_wconf 85' lang='lat' dir='ltr'><strong>eam</strong></span> <span class='ocrx_word' id='word_1_35' title='bbox 328 856 514 927; x_wconf 83' lang='lat' dir='ltr'><strong>eausam,</strong></span> <span class='ocrx_word' id='word_1_36' title='bbox 542 855 618 931; x_wconf 87' lang='lat' dir='ltr'><strong>quo</strong></span> <span class='ocrx_word' id='word_1_37' title='bbox 651 830 762 929; x_wconf 91' lang='lat' dir='ltr'><strong>ipse</strong></span> <span class='ocrx_word' id='word_1_38' title='bbox 760 826 896 902; x_wconf 78' lang='lat' dir='ltr'><strong>facilius</strong></span> <span class='ocrx_word' id='word_1_39' title='bbox 931 850 1150 925; x_wconf 78' lang='lat' dir='ltr'><strong>consequerer</strong></span> 
     </span>
     <span class='ocr_line' id='line_1_6' title="bbox 157 950 1148 1058; baseline -0.01 -26"><span class='ocrx_word' id='word_1_40' title='bbox 157 967 257 1046; x_wconf 87' lang='lat' dir='ltr'><strong>(narn</strong></span> <span class='ocrx_word' id='word_1_41' title='bbox 282 956 320 1029; x_wconf 92' lang='lat' dir='ltr'><strong>id</strong></span> <span class='ocrx_word' id='word_1_42' title='bbox 346 956 489 1058; x_wconf 89' lang='lat' dir='ltr'><strong>quidem</strong></span> <span class='ocrx_word' id='word_1_43' title='bbox 514 960 697 1050; x_wconf 74' lang='grc' dir='ltr'><strong>ἑπικούρειον</strong></span> <span class='ocrx_word' id='word_1_44' title='bbox 723 965 852 1053; x_wconf 64' lang='lat' dir='ltr'><strong>estro),</strong></span> <span class='ocrx_word' id='word_1_45' title='bbox 877 951 958 1052; x_wconf 88' lang='lat' dir='ltr'><strong>sed,</strong></span> <span class='ocrx_word' id='word_1_46' title='bbox 984 950 1148 1024; x_wconf 84' lang='lat' dir='ltr'><strong>mehercu-</strong></span> 
     </span>
    </p>
   </div>
   <div class='ocr_carea' id='block_1_3' title="bbox 151 1076 1146 2580">
    <p class='ocr_par' dir='ltr' id='par_1_3' title="bbox 151 1076 1146 1569">
     <span class='ocr_line' id='line_1_7' title="bbox 153 1076 1146 1209; baseline -0.006 -53"><span class='ocrx_word' id='word_1_47' title='bbox 153 1084 210 1182; x_wconf 88' lang='lat' dir='ltr'><strong>le,</strong></span> <span class='ocrx_word' id='word_1_48' title='bbox 241 1081 338 1185; x_wconf 85' lang='lat' dir='ltr'><strong>quod</strong></span> <span class='ocrx_word' id='word_1_49' title='bbox 370 1097 439 1154; x_wconf 84' lang='lat' dir='ltr'><strong>tua</strong></span> <span class='ocrx_word' id='word_1_50' title='bbox 461 1080 614 1209; x_wconf 79' lang='lat' dir='ltr'>dignitas</span> <span class='ocrx_word' id='word_1_51' title='bbox 639 1095 745 1182; x_wconf 83' lang='lat' dir='ltr'><strong>atque</strong></span> <span class='ocrx_word' id='word_1_52' title='bbox 767 1076 971 1179; x_wconf 77' lang='lat' dir='ltr'><strong>amplitudo</strong></span> <span class='ocrx_word' id='word_1_53' title='bbox 996 1077 1081 1152; x_wconf 90' lang='lat' dir='ltr'><strong>mihi</strong></span> <span class='ocrx_word' id='word_1_54' title='bbox 1104 1091 1146 1150; x_wconf 86' lang='lat' dir='ltr'><strong>est</strong></span> 
     </span>
     <span class='ocr_line' id='line_1_8' title="bbox 153 1202 1143 1350; baseline -0.007 -68"><span class='ocrx_word' id='word_1_55' title='bbox 153 1210 230 1311; x_wconf 86' lang='lat' dir='ltr'><strong>ipsa</strong></span> <span class='ocrx_word' id='word_1_56' title='bbox 256 1228 335 1281; x_wconf 86' lang='lat' dir='ltr'><strong>cara</strong></span> <span class='ocrx_word' id='word_1_57' title='bbox 360 1223 429 1327; x_wconf 82' lang='lat' dir='ltr'><strong>per</strong></span> <span class='ocrx_word' id='word_1_58' title='bbox 449 1206 505 1283; x_wconf 70' lang='lat' dir='ltr'><strong>se:</strong></span> <span class='ocrx_word' id='word_1_59' title='bbox 502 1202 669 1325; x_wconf 81' lang='lat' dir='ltr'><strong>Quare,</strong></span> <span class='ocrx_word' id='word_1_60' title='bbox 686 1207 862 1350; x_wconf 74' lang='lat' dir='ltr'><strong>queniam</strong></span> <span class='ocrx_word' id='word_1_61' title='bbox 887 1205 1007 1306; x_wconf 88' lang='lat' dir='ltr'><strong>plures</strong></span> <span class='ocrx_word' id='word_1_62' title='bbox 1033 1219 1072 1277; x_wconf 87' lang='lat' dir='ltr'><strong>tu</strong></span> <span class='ocrx_word' id='word_1_63' title='bbox 1095 1203 1143 1276; x_wconf 85' lang='lat' dir='ltr'><strong>ha</strong></span> 
     </span>
     <span class='ocr_line' id='line_1_9' title="bbox 151 1326 1141 1463; baseline -0.006 -54"><span class='ocrx_word' id='word_1_64' title='bbox 151 1326 216 1411; x_wconf 88' lang='lat' dir='ltr'><strong>bes</strong></span> <span class='ocrx_word' id='word_1_65' title='bbox 209 1339 284 1455; x_wconf 84' lang='lat'><strong>¹¹,</strong></span> <span class='ocrx_word' id='word_1_66' title='bbox 294 1332 425 1463; x_wconf 74' lang='lat' dir='ltr'><strong>paam</strong></span> <span class='ocrx_word' id='word_1_67' title='bbox 440 1317 587 1439; x_wconf 79' lang='lat' dir='ltr'><strong>ceteri,</strong></span> <span class='ocrx_word' id='word_1_68' title='bbox 591 1360 715 1439; x_wconf 88' lang='lat' dir='ltr'><strong>quos</strong></span> <span class='ocrx_word' id='word_1_69' title='bbox 719 1335 809 1437; x_wconf 87' lang='lat' dir='ltr'><strong>scias</strong></span> <span class='ocrx_word' id='word_1_70' title='bbox 829 1333 871 1405; x_wconf 89' lang='lat' dir='ltr'><strong>in</strong></span> <span class='ocrx_word' id='word_1_71' title='bbox 896 1329 991 1405; x_wconf 89' lang='lat' dir='ltr'><strong>hanc</strong></span> <span class='ocrx_word' id='word_1_72' title='bbox 1010 1332 1141 1435; x_wconf 86' lang='lat' dir='ltr'><strong>provin-</strong></span> 
     </span>
     <span class='ocr_line' id='line_1_10' title="bbox 153 1430 1140 1573; baseline -0.001 -38"><span class='ocrx_word' id='word_1_73' title='bbox 153 1438 245 1567; x_wconf 82' lang='lat' dir='ltr'><strong>ciain</strong></span> <span class='ocrx_word' id='word_1_74' title='bbox 269 1448 483 1573; x_wconf 76' lang='lat' dir='ltr'><strong>pidfieisci&#39;,</strong></span> <span class='ocrx_word' id='word_1_75' title='bbox 501 1452 683 1569; x_wconf 65' lang='lat' dir='ltr'><strong>quod</strong></span> <span class='ocrx_word' id='word_1_76' title='bbox 618 1475 668 1534; x_wconf 85' lang='lat' dir='ltr'><strong>te</strong></span> <span class='ocrx_word' id='word_1_77' title='bbox 701 1430 844 1570; x_wconf 70' lang='lat' dir='ltr'><strong>adeunt</strong></span> <span class='ocrx_word' id='word_1_78' title='bbox 857 1459 945 1537; x_wconf 85' lang='lat' dir='ltr'><strong>lere</strong></span> <span class='ocrx_word' id='word_1_79' title='bbox 942 1485 1140 1563; x_wconf 83' lang='lat' dir='ltr'><strong>omnes,u</strong></span> 
     </span>
    </p>

    <p class='ocr_par' dir='ltr' id='par_1_4' title="bbox 152 1556 1142 2580">
     <span class='ocr_line' id='line_1_11' title="bbox 152 1556 1138 1691; baseline -0.011 -25"><span class='ocrx_word' id='word_1_80' title='bbox 152 1588 264 1691; x_wconf 86' lang='lat' dir='ltr'><strong>quid</strong></span> <span class='ocrx_word' id='word_1_81' title='bbox 260 1588 380 1683; x_wconf 81' lang='lat' dir='ltr'><strong>velis</strong></span> <span class='ocrx_word' id='word_1_82' title='bbox 369 1604 415 1639; x_wconf 82' lang='lat'><strong>¹²·</strong></span> <span class='ocrx_word' id='word_1_83' title='bbox 404 1588 676 1686; x_wconf 79' lang='lat' dir='ltr'><strong>gratissimum</strong></span> <span class='ocrx_word' id='word_1_84' title='bbox 680 1560 794 1671; x_wconf 83' lang='lat' dir='ltr'><strong>milri</strong></span> <span class='ocrx_word' id='word_1_85' title='bbox 810 1556 995 1684; x_wconf 75' lang='lat' dir='ltr'><strong>leceris,</strong></span> <span class='ocrx_word' id='word_1_86' title='bbox 967 1613 1000 1660; x_wconf 79' lang='grc' dir='ltr'><strong>ει</strong></span> <span class='ocrx_word' id='word_1_87' title='bbox 1017 1584 1065 1681; x_wconf 90' lang='lat' dir='ltr'><strong>ad</strong></span> <span class='ocrx_word' id='word_1_88' title='bbox 1080 1610 1138 1681; x_wconf 84' lang='lat' dir='ltr'><strong>me,</strong></span> 
     </span>
     <span class='ocr_line' id='line_1_12' title="bbox 152 1711 1138 1817; baseline -0.009 -26"><span class='ocrx_word' id='word_1_89' title='bbox 152 1715 392 1817; x_wconf 79' lang='lat' dir='ltr'><strong>simulatque</strong></span> <span class='ocrx_word' id='word_1_90' title='bbox 414 1713 565 1814; x_wconf 83' lang='lat' dir='ltr'><strong>adeptus</strong></span> <span class='ocrx_word' id='word_1_91' title='bbox 589 1714 675 1812; x_wconf 87' lang='lat' dir='ltr'><strong>eris,</strong></span> <span class='ocrx_word' id='word_1_92' title='bbox 692 1711 789 1816; x_wconf 85' lang='lat' dir='ltr'><strong>quod</strong></span> <span class='ocrx_word' id='word_1_93' title='bbox 814 1725 914 1787; x_wconf 71' lang='lat' dir='ltr'><strong>‘ettu</strong></span> <span class='ocrx_word' id='word_1_94' title='bbox 939 1711 1138 1809; x_wconf 56' lang='lat' dir='ltr'><strong>confines</strong></span> 
     </span>
     <span class='ocr_line' id='line_1_13' title="bbox 153 1837 1138 1943; baseline -0.008 -28"><span class='ocrx_word' id='word_1_95' title='bbox 153 1858 231 1941; x_wconf 74' lang='lat' dir='ltr'><strong>ege</strong></span> <span class='ocrx_word' id='word_1_96' title='bbox 246 1855 360 1943; x_wconf 76' lang='lat' dir='ltr'><strong>epto,</strong></span> <span class='ocrx_word' id='word_1_97' title='bbox 375 1846 379 1857; x_wconf 90' lang='lat'><em>&#39;</em></span> <span class='ocrx_word' id='word_1_98' title='bbox 394 1840 516 1914; x_wconf 69' lang='lat' dir='ltr'><strong>literas</strong></span> <span class='ocrx_word' id='word_1_99' title='bbox 535 1841 690 1916; x_wconf 79' lang='lat' dir='ltr'><strong>&#39;miseris</strong></span> <span class='ocrx_word' id='word_1_100' title='bbox 721 1840 835 1939; x_wconf 84' lang='lat' dir='ltr'><strong>Longi</strong></span> <span class='ocrx_word' id='word_1_101' title='bbox 861 1837 1017 1911; x_wconf 84' lang='lat' dir='ltr'><strong>subsellii</strong></span> <span class='ocrx_word' id='word_1_102' title='bbox 1036 1839 1065 1888; x_wconf 83' lang='lat'><strong>¹³</strong></span> <span class='ocrx_word' id='word_1_103' title='bbox 1089 1845 1138 1926; x_wconf 82' lang='lat' dir='ltr'><strong>(ut</strong></span> 
     </span>
     <span class='ocr_line' id='line_1_14' title="bbox 152 1962 1139 2083; baseline -0.009 -40"><span class='ocrx_word' id='word_1_104' title='bbox 152 1982 282 2046; x_wconf 84' lang='lat' dir='ltr'><strong>noster</strong></span> <span class='ocrx_word' id='word_1_105' title='bbox 295 1968 492 2083; x_wconf 82' lang='lat' dir='ltr'><strong>Pompeius</strong></span> <span class='ocrx_word' id='word_1_106' title='bbox 515 1966 713 2076; x_wconf 81' lang='lat' dir='ltr'><strong>appellat)</strong></span> <span class='ocrx_word' id='word_1_107' title='bbox 728 1965 896 2039; x_wconf 87' lang='lat' dir='ltr'><strong>iudicatio</strong></span> <span class='ocrx_word' id='word_1_108' title='bbox 922 1979 971 2038; x_wconf 92' lang='lat' dir='ltr'><strong>et</strong></span> <span class='ocrx_word' id='word_1_109' title='bbox 984 1990 1101 2063; x_wconf 84' lang='lat' dir='ltr'><strong>mora,</strong></span> <span class='ocrx_word' id='word_1_110' title='bbox 1117 1962 1139 2036; x_wconf 90' lang='lat' dir='ltr'><strong>si</strong></span> 
     </span>
     <span class='ocr_line' id='line_1_15' title="bbox 153 2085 1140 2223; baseline -0.001 -57"><span class='ocrx_word' id='word_1_111' title='bbox 153 2100 314 2223; x_wconf 66' lang='lat' dir='ltr'><strong>giem</strong></span> <span class='ocrx_word' id='word_1_112' title='bbox 284 2093 383 2165; x_wconf 91' lang='lat' dir='ltr'><strong>tibi</strong></span> <span class='ocrx_word' id='word_1_113' title='bbox 374 2104 459 2167; x_wconf 85' lang='lat' dir='ltr'><strong>rtem</strong></span> <span class='ocrx_word' id='word_1_114' title='bbox 492 2090 602 2205; x_wconf 77' lang='lat' dir='ltr'><strong>utrum</strong></span> <span class='ocrx_word' id='word_1_115' title='bbox 635 2085 829 2205; x_wconf 60' lang='lat' dir='ltr'><strong>‚alterumve</strong></span> <span class='ocrx_word' id='word_1_116' title='bbox 859 2091 953 2165; x_wconf 88' lang='lat' dir='ltr'><strong>diem</strong></span> <span class='ocrx_word' id='word_1_117' title='bbox 979 2089 1140 2168; x_wconf 78' lang='lat' dir='ltr'><strong>abstulerit</strong></span> 
     </span>
     <span class='ocr_line' id='line_1_16' title="bbox 153 2198 1140 2339; baseline -0.002 -48"><span class='ocrx_word' id='word_1_118' title='bbox 153 2205 265 2339; x_wconf 69' lang='lat' dir='ltr'><strong>(quid</strong></span> <span class='ocrx_word' id='word_1_119' title='bbox 288 2221 382 2321; x_wconf 79' lang='lat' dir='ltr'><strong>euim</strong></span> <span class='ocrx_word' id='word_1_120' title='bbox 394 2214 528 2338; x_wconf 69' lang='lat' dir='ltr'><strong>petest</strong></span> <span class='ocrx_word' id='word_1_121' title='bbox 549 2198 732 2336; x_wconf 78' lang='lat' dir='ltr'><strong>amplius</strong></span> <span class='ocrx_word' id='word_1_122' title='bbox 735 2220 836 2339; x_wconf 56' lang='lat' dir='ltr'><strong>gtua</strong></span> <span class='ocrx_word' id='word_1_123' title='bbox 862 2198 981 2315; x_wconf 78' lang='lat' dir='ltr'><strong>lumen</strong></span> <span class='ocrx_word' id='word_1_124' title='bbox 1007 2216 1140 2317; x_wconf 83' lang='lat' dir='ltr'><strong>dignitas</strong></span> 
     </span>
     <span class='ocr_line' id='line_1_17' title="bbox 152 2314 1142 2449; baseline -0.001 -30"><span class='ocrx_word' id='word_1_125' title='bbox 152 2372 255 2445; x_wconf 82' lang='lat' dir='ltr'><strong>snum</strong></span> <span class='ocrx_word' id='word_1_126' title='bbox 280 2328 428 2449; x_wconf 76' lang='lat' dir='ltr'><strong>lecum</strong></span> <span class='ocrx_word' id='word_1_127' title='bbox 424 2314 608 2447; x_wconf 77' lang='lat' dir='ltr'><strong>obtinebit</strong></span> <span class='ocrx_word' id='word_1_128' title='bbox 623 2346 724 2446; x_wconf 89' lang='lat' dir='ltr'><strong>Sed,</strong></span> <span class='ocrx_word' id='word_1_129' title='bbox 747 2347 778 2443; x_wconf 87' lang='lat' dir='ltr'><strong>si</strong></span> <span class='ocrx_word' id='word_1_130' title='bbox 794 2373 851 2448; x_wconf 85' lang='lat' dir='ltr'><strong>rue</strong></span> <span class='ocrx_word' id='word_1_131' title='bbox 869 2343 1046 2447; x_wconf 83' lang='lat' dir='ltr'><strong>diligis,</strong></span> <span class='ocrx_word' id='word_1_132' title='bbox 1017 2372 1049 2423; x_wconf 91' lang='lat' dir='ltr'><strong>s1</strong></span> <span class='ocrx_word' id='word_1_133' title='bbox 1065 2367 1142 2418; x_wconf 84' lang='lat' dir='ltr'><strong>ame</strong></span> 
     </span>
     <span class='ocr_line' id='line_1_18' title="bbox 155 2438 1143 2580; baseline -0.004 -34"><span class='ocrx_word' id='word_1_134' title='bbox 155 2469 312 2570; x_wconf 82' lang='lat' dir='ltr'><strong>diligi</strong></span> <span class='ocrx_word' id='word_1_135' title='bbox 279 2499 357 2571; x_wconf 77' lang='lat' dir='ltr'><strong>vis,</strong></span> <span class='ocrx_word' id='word_1_136' title='bbox 381 2472 456 2553; x_wconf 88' lang='lat' dir='ltr'><strong>ad</strong></span> <span class='ocrx_word' id='word_1_137' title='bbox 453 2498 510 2552; x_wconf 84' lang='lat' dir='ltr'><strong>me</strong></span> <span class='ocrx_word' id='word_1_138' title='bbox 534 2438 688 2575; x_wconf 77' lang='lat' dir='ltr'><strong>litarde,</strong></span> <span class='ocrx_word' id='word_1_139' title='bbox 702 2487 763 2557; x_wconf 84' lang='lat' dir='ltr'><strong>ut</strong></span> <span class='ocrx_word' id='word_1_140' title='bbox 774 2499 880 2580; x_wconf 86' lang='lat' dir='ltr'><strong>quam</strong></span> <span class='ocrx_word' id='word_1_141' title='bbox 909 2473 1064 2578; x_wconf 83' lang='lat' dir='ltr'><strong>primum</strong></span> <span class='ocrx_word' id='word_1_142' title='bbox 1086 2470 1143 2547; x_wconf 88' lang='lat' dir='ltr'><strong>lae</strong></span> 
     </span>
    </p>
   </div>
   <div class='ocr_carea' id='block_1_4' title="bbox 28 2597 747 2698">
    <p class='ocr_par' dir='ltr' id='par_1_5' title="bbox 28 2597 747 2698">
     <span class='ocr_line' id='line_1_19' title="bbox 28 2597 747 2698; baseline -0.013 -25"><span class='ocrx_word' id='word_1_143' title='bbox 28 2614 35 2618; x_wconf 81' lang='grc'><strong><em>’</em></strong></span> <span class='ocrx_word' id='word_1_144' title='bbox 95 2600 97 2604; x_wconf 77' lang='grc'><strong>’</strong></span> <span class='ocrx_word' id='word_1_145' title='bbox 155 2597 232 2672; x_wconf 87' lang='lat' dir='ltr'><strong>titia</strong></span> <span class='ocrx_word' id='word_1_146' title='bbox 250 2598 406 2698; x_wconf 80' lang='lat' dir='ltr'><strong>afficiar,</strong></span> <span class='ocrx_word' id='word_1_147' title='bbox 431 2601 573 2674; x_wconf 79' lang='lat' dir='ltr'><strong>mittito.</strong></span> <span class='ocrx_word' id='word_1_148' title='bbox 613 2615 643 2665; x_wconf 77' lang='grc' dir='ltr'><strong>,ι</strong></span> <span class='ocrx_word' id='word_1_149' title='bbox 744 2652 747 2659; x_wconf 96' lang='grc'>.</span> 
     </span>
    </p>
   </div>
   <div class='ocr_carea' id='block_1_5' title="bbox 151 2724 1168 3971">
    <p class='ocr_par' dir='ltr' id='par_1_6' title="bbox 152 2724 1168 3971">
     <span class='ocr_line' id='line_1_20' title="bbox 175 2724 1145 2849; baseline -0.006 -49"><span class='ocrx_word' id='word_1_150' title='bbox 175 2724 301 2800; x_wconf 66' lang='grc' dir='ltr'><strong>’3Ει</strong></span> <span class='ocrx_word' id='word_1_151' title='bbox 330 2725 439 2833; x_wconf 73' lang='lat' dir='ltr'><strong>velim</strong></span> <span class='ocrx_word' id='word_1_152' title='bbox 471 2727 643 2849; x_wconf 87' lang='lat' dir='ltr'><strong>reliquum</strong></span> <span class='ocrx_word' id='word_1_153' title='bbox 656 2748 678 2825; x_wconf 77' lang='lat'><strong>,²·</strong></span> <span class='ocrx_word' id='word_1_154' title='bbox 705 2726 803 2828; x_wconf 90' lang='lat' dir='ltr'><strong>quod</strong></span> <span class='ocrx_word' id='word_1_155' title='bbox 834 2739 891 2799; x_wconf 88' lang='lat' dir='ltr'><strong>est·</strong></span> <span class='ocrx_word' id='word_1_156' title='bbox 919 2725 1085 2825; x_wconf 88' lang='lat' dir='ltr'><strong>pmmissi</strong></span> <span class='ocrx_word' id='word_1_157' title='bbox 1112 2749 1145 2795; x_wconf 88' lang='lat' dir='ltr'><strong>ac</strong></span> 
     </span>
     <span class='ocr_line' id='line_1_21' title="bbox 152 2852 1147 2995; baseline -0.004 -70"><span class='ocrx_word' id='word_1_158' title='bbox 152 2853 307 2927; x_wconf 85' lang='lat' dir='ltr'><strong>muneris</strong></span> <span class='ocrx_word' id='word_1_159' title='bbox 334 2853 452 2953; x_wconf 69' lang='lat' dir='ltr'><strong>suin,</strong></span> <span class='ocrx_word' id='word_1_160' title='bbox 489 2852 575 2926; x_wconf 89' lang='lat' dir='ltr'><strong>mihi</strong></span> <span class='ocrx_word' id='word_1_161' title='bbox 592 2852 788 2995; x_wconf 88' lang='lat' dir='ltr'><strong>persolvas.</strong></span> <span class='ocrx_word' id='word_1_162' title='bbox 816 2852 973 2948; x_wconf 89' lang='lat' dir='ltr'><strong>Quum</strong></span> <span class='ocrx_word' id='word_1_163' title='bbox 963 2877 1079 2950; x_wconf 77' lang='lat' dir='ltr'><strong>ipsam</strong></span> <span class='ocrx_word' id='word_1_164' title='bbox 1101 2874 1147 2922; x_wconf 83' lang='lat' dir='ltr'><strong>cc-</strong></span> 
     </span>
     <span class='ocr_line' id='line_1_22' title="bbox 151 2966 1168 3100; baseline -0.001 -49.997"><span class='ocrx_word' id='word_1_165' title='bbox 151 2966 349 3076; x_wconf 85' lang='lat' dir='ltr'><strong>gnitionem</strong></span> <span class='ocrx_word' id='word_1_166' title='bbox 373 2974 458 3089; x_wconf 78' lang='lat' dir='ltr'><strong>iuris</strong></span> <span class='ocrx_word' id='word_1_167' title='bbox 483 2972 618 3100; x_wconf 76' lang='lat' dir='ltr'><strong>angurii</strong></span> <span class='ocrx_word' id='word_1_168' title='bbox 643 2981 811 3100; x_wconf 75' lang='lat' dir='ltr'><strong>consequi</strong></span> <span class='ocrx_word' id='word_1_169' title='bbox 836 3005 960 3079; x_wconf 87' lang='lat' dir='ltr'><strong>cup10,</strong></span> <span class='ocrx_word' id='word_1_170' title='bbox 984 2984 1064 3053; x_wconf 84' lang='lat' dir='ltr'><strong>tu&#39;m</strong></span> <span class='ocrx_word' id='word_1_171' title='bbox 1086 3001 1147 3050; x_wconf 90' lang='lat' dir='ltr'><strong>me</strong></span> <span class='ocrx_word' id='word_1_172' title='bbox 1165 3026 1168 3035; x_wconf 85' lang='lat'><strong>·</strong></span> 
     </span>
     <span class='ocr_line' id='line_1_23' title="bbox 153 3080 1149 3212; baseline -0.003 -33"><span class='ocrx_word' id='word_1_173' title='bbox 153 3100 294 3180; x_wconf 88' lang='lat' dir='ltr'><strong>hercule</strong></span> <span class='ocrx_word' id='word_1_174' title='bbox 320 3105 389 3180; x_wconf 85' lang='lat' dir='ltr'><strong>tui&#39;s</strong></span> <span class='ocrx_word' id='word_1_175' title='bbox 415 3080 667 3212; x_wconf 80' lang='lat' dir='ltr'><strong>incredibiliter</strong></span> <span class='ocrx_word' id='word_1_176' title='bbox 691 3106 816 3182; x_wconf 90' lang='lat' dir='ltr'><strong>studiis</strong></span> <span class='ocrx_word' id='word_1_177' title='bbox 837 3133 918 3205; x_wconf 85' lang='lat' dir='ltr'><strong>erga</strong></span> <span class='ocrx_word' id='word_1_178' title='bbox 935 3132 993 3178; x_wconf 91' lang='lat' dir='ltr'><strong>me</strong></span> <span class='ocrx_word' id='word_1_179' title='bbox 1011 3086 1149 3180; x_wconf 82' lang='lat' dir='ltr'><strong>niuneri·</strong></span> 
     </span>
     <span class='ocr_line' id='line_1_24' title="bbox 152 3203 1150 3334; baseline 0 -31"><span class='ocrx_word' id='word_1_180' title='bbox 152 3226 288 3330; x_wconf 88' lang='lat' dir='ltr'><strong>busque</strong></span> <span class='ocrx_word' id='word_1_181' title='bbox 314 3203 478 3323; x_wconf 87' lang='lat' dir='ltr'><strong>delector.</strong></span> <span class='ocrx_word' id='word_1_182' title='bbox 504 3233 614 3327; x_wconf 89' lang='lat' dir='ltr'><strong>Quod</strong></span> <span class='ocrx_word' id='word_1_183' title='bbox 632 3248 757 3319; x_wconf 86' lang='lat' dir='ltr'><strong>autern</strong></span> <span class='ocrx_word' id='word_1_184' title='bbox 783 3260 804 3308; x_wconf 87' lang='lat' dir='ltr'><strong>a</strong></span> <span class='ocrx_word' id='word_1_185' title='bbox 828 3259 885 3309; x_wconf 88' lang='lat' dir='ltr'><strong>me</strong></span> <span class='ocrx_word' id='word_1_186' title='bbox 903 3232 973 3308; x_wconf 89' lang='lat' dir='ltr'><strong>tale</strong></span> <span class='ocrx_word' id='word_1_187' title='bbox 991 3230 1150 3334; x_wconf 83' lang='lat' dir='ltr'><strong>quiddam</strong></span> 
     </span>
     <span class='ocr_line' id='line_1_25' title="bbox 153 3352 1148 3460; baseline 0.002 -34"><span class='ocrx_word' id='word_1_188' title='bbox 153 3352 347 3455; x_wconf 82' lang='lat' dir='ltr'><strong>desideras,</strong></span> <span class='ocrx_word' id='word_1_189' title='bbox 371 3384 455 3430; x_wconf 91' lang='lat' dir='ltr'><strong>sane</strong></span> <span class='ocrx_word' id='word_1_190' title='bbox 481 3359 567 3432; x_wconf 90' lang='lat' dir='ltr'><strong>mihi</strong></span> <span class='ocrx_word' id='word_1_191' title='bbox 592 3359 889 3457; x_wconf 82' lang='lat' dir='ltr'><strong>considerandum</strong></span> <span class='ocrx_word' id='word_1_192' title='bbox 914 3373 984 3458; x_wconf 84' lang='lat' dir='ltr'><strong>est,</strong></span> <span class='ocrx_word' id='word_1_193' title='bbox 1005 3382 1148 3460; x_wconf 86' lang='lat' dir='ltr'><strong>quonam</strong></span> 
     </span>
     <span class='ocr_line' id='line_1_26' title="bbox 153 3486 1147 3585; baseline 0 -31"><span class='ocrx_word' id='word_1_194' title='bbox 153 3493 189 3554; x_wconf 90' lang='lat' dir='ltr'><strong>te</strong></span> <span class='ocrx_word' id='word_1_195' title='bbox 215 3507 414 3557; x_wconf 87' lang='lat' dir='ltr'><strong>remunerer</strong></span> <span class='ocrx_word' id='word_1_196' title='bbox 445 3487 667 3585; x_wconf 88' lang='lat' dir='ltr'><strong>potissimum</strong></span> <span class='ocrx_word' id='word_1_197' title='bbox 701 3513 826 3584; x_wconf 86' lang='lat' dir='ltr'><strong>genere</strong></span> <span class='ocrx_word' id='word_1_198' title='bbox 838 3515 849 3585; x_wconf 79' lang='lat'>3</span> <span class='ocrx_word' id='word_1_199' title='bbox 881 3513 965 3562; x_wconf 82' lang='lat' dir='ltr'><strong>nem</strong></span> <span class='ocrx_word' id='word_1_200' title='bbox 998 3486 1147 3585; x_wconf 84' lang='lat' dir='ltr'><strong>prosecta</strong></span> 
     </span>
     <span class='ocr_line' id='line_1_27' title="bbox 153 3609 1146 3713; baseline 0.002 -33"><span class='ocrx_word' id='word_1_201' title='bbox 153 3633 227 3680; x_wconf 90' lang='grc' dir='ltr'><strong>ιιοιι</strong></span> <span class='ocrx_word' id='word_1_202' title='bbox 252 3623 305 3681; x_wconf 88' lang='lat' dir='ltr'><strong>est</strong></span> <span class='ocrx_word' id='word_1_203' title='bbox 329 3637 464 3711; x_wconf 88' lang='lat' dir='ltr'><strong>meum,</strong></span> <span class='ocrx_word' id='word_1_204' title='bbox 490 3615 549 3713; x_wconf 91' lang='lat' dir='ltr'><strong>qui</strong></span> <span class='ocrx_word' id='word_1_205' title='bbox 574 3615 612 3685; x_wconf 89' lang='lat' dir='ltr'><strong>in</strong></span> <span class='ocrx_word' id='word_1_206' title='bbox 638 3612 826 3688; x_wconf 87' lang='lat' dir='ltr'><strong>scribendo</strong></span> <span class='ocrx_word' id='word_1_207' title='bbox 853 3621 912 3701; x_wconf 90' lang='lat' dir='ltr'><strong>(ut</strong></span> <span class='ocrx_word' id='word_1_208' title='bbox 933 3611 1026 3685; x_wconf 92' lang='lat' dir='ltr'><strong>soles</strong></span> <span class='ocrx_word' id='word_1_209' title='bbox 1051 3609 1146 3683; x_wconf 87' lang='lat' dir='ltr'><strong>admi·</strong></span> 
     </span>
     <span class='ocr_line' id='line_1_28' title="bbox 153 3734 1143 3839; baseline 0.003 -33"><span class='ocrx_word' id='word_1_210' title='bbox 153 3734 244 3825; x_wconf 85' lang='lat' dir='ltr'><strong>rari)</strong></span> <span class='ocrx_word' id='word_1_211' title='bbox 271 3749 407 3833; x_wconf 86' lang='lat' dir='ltr'><strong>tantum</strong></span> <span class='ocrx_word' id='word_1_212' title='bbox 441 3739 633 3813; x_wconf 86' lang='lat' dir='ltr'><strong>industriae</strong></span> <span class='ocrx_word' id='word_1_213' title='bbox 670 3766 820 3839; x_wconf 89' lang='lat' dir='ltr'><strong>ponam,</strong></span> <span class='ocrx_word' id='word_1_214' title='bbox 854 3740 1091 3836; x_wconf 77' lang='lat' dir='ltr'><strong>committere,</strong></span> <span class='ocrx_word' id='word_1_215' title='bbox 1112 3746 1143 3804; x_wconf 83' lang='lat' dir='ltr'><strong>ut</strong></span> 
     </span>
     <span class='ocr_line' id='line_1_29' title="bbox 153 3860 1146 3971; baseline 0 -36"><span class='ocrx_word' id='word_1_216' title='bbox 153 3860 330 3960; x_wconf 83' lang='lat' dir='ltr'><strong>negligens</strong></span> <span class='ocrx_word' id='word_1_217' title='bbox 356 3865 392 3937; x_wconf 88' lang='lat' dir='ltr'><strong>in</strong></span> <span class='ocrx_word' id='word_1_218' title='bbox 418 3865 604 3944; x_wconf 88' lang='lat' dir='ltr'><strong>scribendo</strong></span> <span class='ocrx_word' id='word_1_219' title='bbox 619 3869 649 3919; x_wconf 84' lang='lat'><strong>¹⁵</strong></span> <span class='ocrx_word' id='word_1_220' title='bbox 667 3866 770 3941; x_wconf 83' lang='lat' dir='ltr'><strong>luisse</strong></span> <span class='ocrx_word' id='word_1_221' title='bbox 798 3866 934 3944; x_wconf 87' lang='lat' dir='ltr'><strong>videar:</strong></span> <span class='ocrx_word' id='word_1_222' title='bbox 952 3862 1146 3971; x_wconf 80' lang='lat' dir='ltr'><strong>praesertim</strong></span> 
     </span>
    </p>
   </div>
   <div class='ocr_carea' id='block_1_6' title="bbox 0 0 1312 4852">
    <p class='ocr_par' dir='ltr' id='par_1_7' title="bbox 0 0 1312 4852">
     <span class='ocr_line' id='line_1_30' title="bbox 0 0 1312 4852; baseline 0 0"><span class='ocrx_word' id='word_1_223' title='bbox 0 0 1312 4852; x_wconf 95' lang='lat' dir='ltr'><strong> </strong></span> 
     </span>
    </p>
   </div>
  </div>
 </body>
</html>
