2616 4852
277 339 342 408 182
601 352 771 403 cnrsrotn
797 351 937 401 ccxxnr.
1048 347 1179 400 nnc.
1201 313 1247 413 {02

267 459 440 561 praetorii
459 480 528 557 pru
550 471 716 556 praetore
742 454 960 537 obtinerent,
977 477 1057 538 eos,
1083 456 1151 553 qni
1173 478 1273 551 proe-

271 599 364 656 tores
373 581 552 680 suerunt,
590 607 706 680 neque
741 585 779 654 in
807 583 994 681 provincio
1020 603 1104 652 cum
1128 583 1272 682 imperio

257 708 433 814 suerunt,
465 733 557 810 quos
589 734 712 781 eornm
737 709 850 782 escS.
884 707 924 780 C.
950 731 1033 779 cum
1061 711 1210 807 imperio
1234 710 1269 778 in

265 839 472 938 provincius
492 859 562 935 pru
583 849 753 935 praetore
777 837 868 906 mitti
892 846 1071 934 oporteret
1078 865 1091 920 ;
1115 857 1179 904 eos
1202 857 1269 904 sor

271 965 335 1032 tito
354 959 386 1026 54
410 963 449 1031 in
469 964 676 1061 provincias
702 962 793 1030 mitti
811 960 966 1059 placere.
993 959 1036 1031 Si
1059 982 1113 1029 esc
1139 983 1182 1030 eo
1207 983 1268 1030 nn-

270 1111 379 1172 mero,
396 1111 489 1187 qnos
504 1112 556 1159 ex
574 1087 611 1160 S.
634 1087 674 1159 C.
687 1087 719 1136 55
735 1091 773 1157 in
790 1088 997 1185 provincias
1015 1089 1067 1157 ire
1083 1097 1265 1188 oporteret,

270 1213 322 1284 ad
344 1237 532 1284 nnmerum
563 1238 638 1286 non
667 1226 803 1296 essent,
831 1215 896 1313 qni
921 1215 958 1282 in
982 1235 1044 1284 eos
1065 1214 1265 1311 provincias

266 1339 595 1439 proficiscerentur:
633 1353 708 1413 tum
743 1341 798 1409 nti
832 1338 1001 1438 quodque
1031 1338 1221 1435 collegium
1236 1339 1264 1390 55

265 1469 423 1566 primum
450 1479 658 1565 praetorum
675 1462 833 1563 ficisset,
865 1489 979 1565 neque
1004 1469 1041 1535 in
1064 1467 1264 1564 provincius

266 1589 416 1690 profecti
446 1604 582 1676 essent,
619 1594 670 1661 ita
704 1605 799 1661 sorte
833 1593 872 1661 in
902 1592 1108 1689 provincias
1129 1589 1265 1690 profici·

269 1730 458 1789 scerentnr.
493 1715 587 1790 Siti
611 1716 872 1789 adnumerum
904 1740 978 1788 non
1009 1729 1147 1801 essent,
1185 1728 1262 1786 tnnc

270 1841 434 1943 deinceps
463 1847 631 1944 proximi
657 1847 833 1944 cuiusque
858 1843 1017 1940 collegii,
1042 1845 1109 1944 qni
1128 1854 1263 1944 praeto·

269 1992 325 2040 res
335 1964 518 2066 fuissent,
535 1994 650 2070 neque
676 1973 714 2040 in
735 1972 941 2069 provincius
961 1965 1117 2068 profecti
1139 1979 1261 2050 essent,

269 2097 307 2164 in
333 2108 462 2166 sortem
487 2097 767 2179 conticerentur,
792 2093 917 2195 quood
940 2096 970 2164 is
995 2087 1262 2191 rznmerns⁵tef

255 2217 383 2317 fictus
415 2233 525 2304 esset,
562 2245 667 2320 quem
699 2220 750 2291 nd
784 2245 972 2292 nnmerum
1004 2222 1043 2290 in
1064 2221 1291 2320 provincius⁴

269 2348 363 2415 mitti
386 2360 571 2445 oporteret.
599 2345 638 2417 Si
663 2351 745 2446 quis
770 2345 856 2417 hnic
883 2345 918 2418 S.
941 2346 981 2418 C.
1000 2348 1259 2428 intercessisset,

268 2474 467 2543 auctoritas
494 2471 780 2572 perscriberetur.
809 2472 901 2544 Huic
933 2485 1075 2545 senatus
1109 2470 1258 2545 consulto

267 2594 462 2669 intercessit
488 2599 525 2671 C.
551 2598 706 2696 Caelius,
731 2601 768 2672 C.
795 2600 924 2694 Pansa,
951 2597 1081 2669 tribuni
1108 2598 1226 2697 plebis.

316 2723 340 2815 4
366 2722 429 2795 1113
455 2738 633 2823 praeterea
659 2726 721 2797 Cn.
747 2724 909 2823 Pompeii
935 2736 1017 2794 sunt
1048 2724 1257 2796 animadver-

267 2872 304 2917 sa
312 2902 323 2945 7
356 2875 444 2948 quae
476 2851 626 2922 maxime
662 2848 911 2921 confidentiam
928 2850 959 2899 55
988 2847 1183 2946 attulerunt
1205 2847 1256 2920 ho·

266 2972 440 3075 minibus,
471 2990 512 3048 ut
547 2977 680 3049 diceret
698 2978 740 3074 ⁵9,
773 3001 810 3048 se
848 2989 928 3048 ante
954 2973 1101 3048 Kalend.
1129 2975 1255 3048 Martias

265 3120 339 3169 non
365 3123 469 3197 posse
494 3103 569 3174 sine
595 3103 719 3175 iniuria
738 3102 782 3174 de
800 3102 992 3202 provinciis
1017 3102 1177 3175 Caesaris
1200 3115 1255 3176 sta·

265 3233 372 3322 tuere⁷
388 3238 471 3321 post
483 3225 561 3297 Kal.
576 3227 719 3299 Martias
737 3253 773 3300 se
792 3251 864 3301 non
883 3225 1135 3301 dubitaturum.
1152 3229 1255 3320 Quum

265 3346 553 3452 interrogaretur,
569 3353 597 3424 si
615 3354 675 3453 qui
694 3367 767 3424 tum
784 3352 1061 3451 intercederent3
1080 3353 1168 3427 dixit
1174 3411 1185 3454 7
1201 3353 1254 3425 hoc

198 3459 210 3514 '-
264 3472 353 3545 nihil
377 3476 562 3577 interesse,
579 3494 696 3551 utrum
714 3481 752 3553 C.
770 3481 899 3553 Caesar
923 3480 1060 3552 senatui
1086 3480 1184 3553 dicto
1209 3503 1256 3551 au·

264 3596 363 3673 diens
387 3601 521 3677 iuturus
547 3631 620 3678 non
646 3620 752 3705 esset,
779 3632 823 3679 an
849 3618 988 3706 pararet
1006 3608 1049 3706 ⁶⁰,
1080 3607 1142 3708 qui
1168 3628 1259 3679 sena·

264 3736 339 3797 tum
365 3725 550 3803 decernere
565 3756 637 3806 non
653 3746 840 3833 pateretur.
858 3731 956 3825 Quid
973 3732 1002 3804 si
1011 3788 1021 3831 7
1035 3733 1153 3834 inquit
1169 3731 1264 3822 31133,

265 3863 301 3923 et
326 3853 448 3926 consul
474 3880 567 3956 esse,
591 3872 625 3932 et
651 3860 841 3933 exercitum
871 3857 1001 3933 habere
1027 3858 1144 3935 volet?
1161 3863 1190 3910 ⁶¹
1216 3854 1268 3927 At
