2616 4852
173 332 247 410 256
479 351 652 404 emsrocl
677 354 868 405 comens.
960 355 991 402 a.
1009 356 1136 418 ιαμ

170 459 321 533 busdam
346 458 411 531 otii
445 480 520 531 esse
554 482 595 530 ac
629 457 791 532 desidius·
808 456 984 556 'videtum'
999 459 1041 530 in
1066 458 1136 533 loru

169 598 276 688 atque
301 585 338 657 in
363 609 438 658 rem
470 583 671 684 publicam,
710 598 816 687 atque
848 574 896 657 in¹
918 585 1035 684 ipsum
1069 586 1136 659 acie

167 737 282 814 paene
309 708 517 784 deduximus
534 709 577 809 4⁶,
609 725 727 784 tecum
766 710 838 810 agit
871 709 917 783 de
945 735 1025 784 mea
1051 710 1136 785 laud

168 841 225 912 cui
250 839 369 937 negari
395 864 416 911 a
441 839 577 911 Catone
603 836 653 911 sas
680 863 855 911 essenon
880 835 1025 939 putuit.
1045 838 1136 931 Quat

167 965 291 1040 obrem
322 964 388 1038 tibi
420 965 471 1037 sic
507 964 739 1064 persuadeas,
771 964 900 1039 velim:
934 965 965 1037 si
985 962 1089 1037 mihi
1120 977 1136 1038 t

165 1093 339 1168 sententia
367 1091 519 1166 tributus
544 1090 660 1165 honos
685 1117 728 1164 ex
751 1093 839 1164 meis
854 1089 965 1165 literis
983 1090 1136 1192 suerius

165 1220 217 1294 sic
241 1219 539 1317 existimaturum,
566 1244 675 1320 quum
701 1218 910 1292 auctoritate
929 1231 1009 1317 tua,
1026 1216 1136 1291 tuml

163 1345 358 1420 nivolentia
384 1371 465 1445 erga
482 1369 556 1444 me,
573 1344 679 1444 mihi,
696 1344 794 1446 quod
812 1345 964 1418 maxime
992 1344 1136 1445 cupierit

166 1473 362 1572 contigisse.
388 1470 488 1548 Vale.

545 1721 789 1799 CCXXXIX.
921 1718 1136 1824 (minuriunt)

163 1905 386 1986 Argumentum.
418 1904 542 1964 Consuli
570 1903 716 1964 Marcello
747 1923 832 1963 suam
861 1901 1136 1964 existimationcmi

202 2013 420 2097 supplicatione
441 2011 628 2072 decernenda
649 2009 850 2070 commendat.

321 2192 383 2270 'Son
403 2219 430 2270 iu
448 2217 537 2270 Cilicia
551 2219 582 2271 A.
596 2218 628 2271 V.
642 2218 672 2272 C.
690 2215 817 2284 occul,
837 2231 924 2269 mesrse
945 2217 1002 2271 lan.

209 2417 253 2480 Μ.
279 2418 314 2480 Τ.
339 2415 485 2481 CICERO
509 2416 593 2481 IMP.
618 2417 652 2481 C.
676 2414 894 2481 MARCELLO
921 2415 955 2479 C.
980 2416 1013 2480 F.
1039 2414 1113 2482 COS.

590 2536 620 2597 S.
646 2535 679 2598 P.
704 2533 741 2597 D.

210 2735 364 2830 Quando
382 2733 421 2810 id
438 2732 581 2831 accidit,
598 2732 696 2835 quod
713 2732 799 2805 mihi
818 2733 970 2806 inanime
986 2734 1053 2807 suit
1068 2746 1136 2834 opta

158 2877 255 2960 tum,
287 2876 327 2934 ut
360 2863 519 2934 omnium
545 2859 813 2959 Marcellorum,
848 2859 1125 2935 Marcellinorum

156 2989 263 3060 etiam
289 2988 480 3075 (mirificus
507 2988 602 3058 enim
627 2988 762 3085 generis
788 3012 829 3058 ac
854 2987 1009 3060 nominis
1022 3004 1039 3036 ²
1059 3000 1136 3062 vestr

155 3113 221 3185 fuit
246 3138 328 3211 erga
360 3137 417 3185 me
451 3138 591 3213 semper
623 3116 806 3212 animus),
837 3114 981 3215 quando
1008 3140 1091 3213 ergo
1111 3114 1136 3185 it

156 3237 303 3339 accidit,
335 3252 376 3311 ut
409 3241 568 3312 omnium
601 3253 756 3315 vestrum
785 3240 902 3313 studio
929 3254 1012 3314 tuus
1038 3265 1136 3315 consu

154 3365 245 3439 latus
270 3364 469 3440 satisfacere
488 3368 501 3417 ³
523 3382 671 3469 posset,
705 3369 743 3440 iu
769 3394 874 3468 quem
900 3373 1000 3441 meae
1027 3397 1081 3443 res
1103 3394 1136 3469 ge

153 3504 246 3592 stae,
270 3492 415 3594 lausque
442 3508 477 3566 et
502 3493 617 3567 honos
644 3520 764 3568 earum
790 3495 1015 3593 potissimum
1033 3492 1136 3569 incide

154 3633 227 3692 ret:
253 3633 339 3720 peto
365 3646 385 3692 a
412 3634 446 3692 te
473 3620 558 3720 (id,
586 3621 683 3723 quod
709 3620 912 3693 facillimum
938 3623 1034 3696 sactu
1060 3619 1136 3696 esti

152 3770 226 3819 nou
251 3761 479 3845 aspernante,
505 3762 544 3821 ut
571 3748 713 3822 confido
723 3804 733 3846 7
750 3761 904 3847 senatu),
921 3763 961 3820 ut
979 3776 1082 3850 quam
1097 3747 1136 3819 ho

152 3872 495 3950 non‘ficentissimum
521 3888 663 3948 senatus
684 3874 900 3973 consultum,
918 3875 1027 3950 literis
1044 3877 1136 3948 meis*
