2616 4852
282 315 353 407 4¹2
643 328 913 379 lunorlrronns

318 457 374 497 nus
395 433 547 497 dividatur
567 438 635 494 ante
657 432 791 493 Caesaris
804 430 969 492 adventum
990 448 1008 490 e
1026 428 1137 492 Gallia.
1159 431 1222 511 Qua
1233 433 1263 494 de

319 565 353 604 re
373 545 405 602 in
425 564 472 625 ep.
493 540 661 612 CXLVlll,
682 541 709 600 3.

279 650 318 712 25
337 648 494 712 Schiitzius
514 647 625 708 delevit
645 647 737 718 nolle,
757 645 839 726 quod
859 645 978 706 absita
995 645 1063 706 eod.
1084 647 1225 720 Munatii,
1242 660 1266 708 et

317 766 387 838 post
406 739 492 816 valde
511 752 650 833 intelligit
670 772 706 812 ex
726 751 911 811 antecedenti
938 751 1084 812 laborare.
1105 754 1146 812 At
1166 753 1266 814 Manat.

318 874 348 923 et
368 859 474 921 Lamb.
500 857 587 920 valde
611 859 690 918 velle.
710 857 793 917 Nihil
813 878 931 919 moveo.
952 856 1073 938 Negant
1090 859 1172 920 nolle
1192 862 1267 940 signi·

203 973 207 984 '
316 967 387 1028 fleat
406 966 507 1028 dicatu
527 966 614 1038 velle,
634 964 717 1045 quod
738 967 794 1025 rei
809 966 924 1046 optime
943 963 1095 1026 convenit.
1122 965 1156 1024 si
1181 965 1267 1027 deleas

316 1073 386 1147 sed,
404 1072 486 1153 quod
507 1071 591 1132 abest
611 1093 629 1130 a
648 1070 746 1130 tribus
766 1069 874 1130 Ambb.
899 1080 931 1131 et
950 1070 1020 1132 edd.
1049 1071 1148 1144 Med,
1176 1074 1266 1154 expla-

315 1181 381 1239 nari
400 1188 514 1260 potest:
535 1176 621 1238 Illud
645 1175 726 1238 addo
739 1210 779 1224 -
792 1175 962 1259 Pompeiana
982 1176 1071 1238 valde
1091 1178 1186 1250 nolle,
1205 1182 1266 1260 quin

317 1305 394 1367 opus
423 1287 462 1346 sit
480 1304 517 1344 ex
535 1295 607 1345 nota
633 1305 698 1366 sup.
724 1302 895 1365 expungere
921 1285 991 1344 c'um
1012 1284 1096 1344 Man.
1118 1297 1155 1345 et
1171 1286 1259 1346 Lama

317 1387 349 1446 τὸ
374 1390 424 1450 ad.
1159 1393 1162 1398 ’

278 1495 318 1558 26
336 1496 426 1558 Multi
446 1495 515 1556 libri
542 1517 705 1569 accessum,
733 1496 818 1556 dmb.
843 1495 879 1561 15
903 1493 1077 1573 discessum
1098 1497 1154 1559 sed
1174 1498 1264 1580 vulga-

317 1614 383 1663 tum
404 1605 529 1675 rectius,
550 1603 641 1684 idque
661 1601 774 1663 habent
793 1601 860 1663 edd
880 1602 960 1663 Med.
981 1603 1058 1663 Min.

279 1729 316 1791 27
338 1708 414 1770 Edd.
435 1709 491 1769 Ro.
512 1710 593 1770 Man.
614 1721 644 1770 et
662 1709 770 1770 Lemb.
790 1707 898 1791 nequd
912 1709 1052 1792 amplius.
1072 1709 1153 1772 Rem
1166 1710 1228 1772 vide
1238 1713 1261 1769 in

318 1836 386 1898 epp.
407 1816 531 1888 CXCV,
554 1815 675 1876 CXCIX
694 1825 768 1878 extr.
783 1811 923 1896 ¹aliisque.
952 1858 954 1863 -
1009 1815 1013 1861 ἱ
1301 1803 1303 1809 ’

279 1919 319 1983 2ss
337 1921 481 1988 Abundat
501 1916 533 1975 τό
558 1934 655 1982 estex
675 1940 740 2004 sup.
762 1921 804 1982 tui
821 1920 936 1982 aemilii
951 1933 1004 1982 est·

531 2166 552 2177 ’“
604 2172 606 2176 ·
680 2160 860 2225 CCXXVI.

271 2364 293 2403 r
318 2344 385 2406 Hoc
403 2346 559 2408 Manutius
578 2359 610 2409 et
630 2349 783 2410 Corradus
803 2309 845 2410 iti
859 2349 945 2411 codd.
970 2361 1157 2432 repererant.
1177 2347 1256 2428 vulgo

294 2450 368 2510 ¹-Tu
387 2451 451 2512 vide
470 2474 561 2536 quam
580 2454 623 2517 nd
641 2476 695 2516 nie.
725 2455 852 2517 Schtitz..
865 2454 953 2517 nmb.
978 2452 1015 2517 15
1040 2455 1086 2517 Tu
1106 2455 1170 2517 vide
1188 2473 1256 2537 quam
1276 2489 1284 2520 ,ι

318 2557 414 2618 amate
435 2560 535 2620 literae
555 2561 598 2622 ad
616 2582 662 2623 me
681 2583 740 2628 aon
758 2562 957 2645 perferantur3
978 2563 1050 2623 Rea.
1071 2583 1164 2646 qnam
1183 2558 1256 2621 uude

316 2686 405 2746 quum
425 2666 526 2728 adme
545 2690 574 2728 n.
592 2683 638 2750 p}
660 2669 720 2728 Zel.
742 2672 765 2729 A
788 2691 878 2752 qraam
891 2669 987 2731 timide
998 2669 1256 2752 perferantur‚iuo

315 2791 407 2852 quom
426 2773 470 2832 ad
488 2796 533 2838 me
555 2770 654 2836 literae
677 2797 736 2835 non
754 2777 946 2859 perfluantur.

278 2895 296 2934 2
317 2876 426 2938 dmbb.
449 2881 481 2953 3,
507 2883 559 2956 13,
580 2883 650 2944 Rec.
672 2895 701 2944 et
721 2884 782 2943 Zel.
803 2883 827 2942 B
847 2882 970 2967 effeetus
989 2905 1028 2943 es.

277 2982 295 3040 3
316 2981 376 3042 Res
396 3004 525 3067 maguae
544 2991 752 3071 gratulationis
772 3001 852 3061 erat,
873 2990 996 3070 quiade
1011 2991 1104 3062 te',id
1119 2988 1257 3072 quodspe·

265 3106 267 3111 ·
316 3088 439 3164 rabam,
459 3095 620 3158 acciderat:
642 3097 679 3158 do
701 3098 793 3157 Hirro
807 3108 925 3169 atatem,
939 3095 1024 3176 qnod
1037 3117 1101 3155 non
1115 3093 1259 3177 putabant

317 3195 408 3269 idest,
428 3211 462 3259 ut
482 3211 544 3261 tam
565 3207 694 3286 turpiter
715 3205 874 3265 aedilitatis
898 3202 1052 3285 repulsam
1073 3202 1176 3263 ferret.
1194 3199 1257 3260 Min-

316 3300 420 3363 Ellius.
441 3305 614 3389 Respondet
634 3321 733 3371 autem
756 3311 813 3370 illis
834 3309 934 3370 verbis
947 3329 994 3390 ep.
1009 3309 1123 3381 CCVI,
1138 3329 1170 3368 a:
1184 3305 1257 3387 Spero

318 3419 344 3465 te
364 3410 496 3472 celeriter
513 3428 542 3474 et
560 3415 598 3476 de
618 3417 714 3489 nobis,
734 3414 816 3500 quod
840 3416 966 3497 sperasti
971 3460 979 3481 ‚
999 3429 1029 3474 et
1048 3415 1088 3474 de
1113 3416 1180 3486 illo,
1196 3405 1258 3492 quod

317 3515 368 3575 vix
380 3538 497 3598 sperare
510 3520 600 3583 austu
620 3545 669 3595 es,
689 3523 865 3583 auditurum.
887 3520 1011 3582 Corrad.
1036 3521 1084 3581 De
1099 3521 1194 3589 Hillo,
1205 3516 1256 3575 Hir·

319 3640 387 3678 rum
408 3624 560 3707 intelligit,
581 3651 678 3709 quem·
693 3629 810 3690 Caelius
832 3650 878 3710 ep.
899 3629 1008 3699 ccxl,
1034 3649 1044 3685 r
1069 3629 1142 3686 risit.
1163 3623 1255 3684 Hittaz

316 3737 416 3786 autern
436 3743 526 3812 yoeat
546 3755 630 3796 more
653 3727 835 3806 balborum,
857 3737 909 3816 qui
937 3734 1059 3814 linguae
1081 3734 1155 3792 vitio
1174 3730 1253 3789 rlite·

316 3853 381 3893 ram
402 3839 569 3920 exprimere
589 3853 761 3924 nequeunt,
783 3853 812 3903 et
832 3862 889 3924 pro
904 3839 955 3902 illa
977 3841 990 3900 l
1009 3839 1173 3921 proferunt.
1192 3830 1251 3893 sal-
