2616 4852
276 340 342 409 180
470 384 476 393 -
604 317 780 406 4ιειηὲτοιΑ
809 358 949 404 ccxxsn.
1007 371 1014 374 -
1051 353 1238 415 t.v.c.702
1282 400 1287 408 ,

255 461 414 561 suerunt
447 461 487 531 L.
522 461 701 531 Domitius
732 461 797 532 Cn.
833 460 878 530 F.
905 435 1194 542 Ahenobarbus,
1224 457 1257 554 Q

274 588 453 659 Caecilius
484 584 526 682 Q.
552 587 597 656 F.
625 586 793 657 Metellus
818 585 909 657 Pius
935 583 1078 684 Scipio,
1114 583 1155 655 L.
1187 583 1257 654 Vt:

143 733 156 761 ⁸
269 713 340 784 lius
365 715 405 785 L.
431 694 476 784 Ji,
502 712 618 783 Ponet.
645 713 830 796 Annalis,
863 712 903 783 C.
930 710 1123 809 Septimius
1157 710 1197 780 T.
1221 710 1255 780 F.

273 837 449 935 Quirina,
480 837 519 909 C.
554 836 763 911 Scribonius
795 837 834 911 C.
865 837 910 908 F.
937 836 1027 935 Pop.
1060 836 1195 920 Curio,
1224 835 1255 905 Ε.

267 964 412 1037 Atteius
446 965 486 1035 L.
522 965 566 1036 F.
593 963 665 1037 An.
697 964 846 1062 Capito,
881 962 933 1033 M.
967 962 1110 1062 Oppius
1144 962 1197 1034 M.
1220 939 1286 1032 Ε(

274 1090 474 1162 Terentina.
505 1089 616 1187 Quod
627 1090 691 1160 M.
718 1083 918 1161 Marcellus
941 1087 1049 1160 COS.
1081 1087 1130 1160 V.
1156 1087 1255 1159 Ra
1297 1094 1301 1105 “

262 1200 475 1315 provinciis,
500 1217 547 1288 D.
574 1217 614 1286 E.
640 1217 683 1287 R.
709 1216 743 1288 Ι.
774 1216 813 1288 C.
839 1229 1002 1287 senatum
1031 1217 1254 1298 existimare,

266 1347 439 1414 neminem
470 1367 610 1427 eorum,
643 1346 709 1444 qui
737 1354 947 1443 potestatem
979 1339 1254 1412 habeantet·
1291 1341 1294 1348 '

265 1469 482 1554 tercedeudi,
507 1467 752 1568 impediendi,
768 1492 904 1539 moram
928 1464 1057 1566 afferre
1082 1479 1254 1566 oportere,

264 1619 337 1696 quo
363 1600 482 1666 minus
506 1597 548 1667 cle
574 1592 718 1695 repub.
744 1595 795 1666 cul
817 1607 981 1666 senatum
1007 1589 1150 1690 afferri,
1167 1596 1256 1666 sena·

265 1725 362 1821 tique
387 1721 592 1794 consultum
608 1719 642 1785 4⁶
662 1721 750 1814 steri
778 1723 912 1820 possit:
947 1723 1013 1820 qui
1044 1713 1255 1818 impedierit,

259 1846 504 1948 probe'buerit,
521 1874 601 1920 cum
626 1861 789 1919 senatum
813 1849 1021 1919 existimare
1047 1859 1177 1933 contra
1194 1869 1255 1916 rem
1299 1890 1301 1899 ·

260 1973 445 2074 publicam
463 1971 605 2074 fecisse.
641 1975 681 2046 Si
706 1977 788 2073 quis
810 1971 900 2045 buic
924 1985 1072 2044 senatus
1096 1969 1255 2043 consulto

262 2104 514 2185 intercesserit,
546 2103 687 2172 senatui
713 2099 878 2199 placere,
909 2100 1162 2170 auctoritatem
1181 2121 1256 2197 per·

263 2224 370 2297 scribi
386 2224 432 2310 47,
464 2240 499 2325 et
533 2227 576 2297 cle
608 2251 650 2297 eu
681 2250 716 2296 re
749 2225 800 2296 ad
826 2238 991 2297 senatum
1012 2224 1276 2324 populumque

262 2345 390 2448 referri.
416 2352 508 2422 Huic
533 2366 673 2424 senatus
700 2349 860 2424 consulto
890 2350 1087 2423 intercessit
1112 2351 1153 2422 C.
1177 2350 1255 2423 Cae·
1299 2352 1301 2356 ’

260 2475 344 2575 lius,
360 2480 399 2550 L.
417 2477 576 2550 Vinicius
588 2477 631 2577 4⁸7
650 2479 688 2550 Ρ.
707 2477 906 2575 Cornelius,
931 2478 969 2550 C.
986 2475 1114 2548 Vibius
1139 2477 1253 2548 Pansa.

260 2608 263 2613 ’
309 2603 403 2675 Item
427 2608 577 2703 {senatui
609 2604 778 2703 placere,
815 2604 858 2676 de
895 2601 1087 2686 militibus,
1127 2603 1253 2702 quiin

202 2776 206 2789 ·
259 2733 423 2802 exercitu
453 2731 493 2802 C.
524 2730 690 2802 Caesaris
716 2733 790 2800 sint
807 2727 865 2798 49:
891 2732 956 2830 qui
979 2753 1104 2800 eorum
1130 2731 1253 2828 stipen-

258 2856 318 2927 dia
344 2861 500 2941 emerita,
520 2871 586 2929 aut
601 2881 733 2928 causas
747 2857 792 2940 ⁵⁰,
811 2853 944 2956 quibus
965 2855 1008 2925 de
1025 2857 1149 2926 causis
1165 2854 1252 2925 missi

247 2981 335 3073 steri
358 2981 527 3067 debeant,
554 2981 729 3067 babeant,
748 2980 912 3054 adhunc
937 2981 1099 3053 ordinem
1125 2976 1250 3081 referri,
1285 3008 1288 3013 ¹

258 3119 301 3175 ut
332 3130 454 3178 eorum
489 3111 582 3179 ratio
619 3105 860 3193 babeatur51,
893 3131 1097 3206 causaeque
1130 3116 1249 3203 cogno·

261 3231 418 3302 scantur.
453 3233 493 3305 Si
524 3236 607 3333 quis
639 3232 725 3304 buic
751 3236 786 3307 S.
816 3235 855 3305 C.
881 3237 1121 3306 intercesserit
1138 3236 1182 3317 ⁵²,
1206 3256 1250 3302 se·

257 3360 363 3427 nutui
383 3358 546 3456 placere,
580 3363 829 3431 auctoritatem
858 3357 1056 3460 perscribi,
1091 3373 1126 3430 et
1149 3347 1247 3429 deca

258 3507 293 3553 re
326 3482 377 3553 ad
407 3498 571 3556 senatum
599 3485 848 3585 populumque
881 3484 1008 3585 refierri.
1042 3484 1136 3556 Huic
1162 3483 1194 3554 S.
1217 3481 1248 3553 C.

257 3608 452 3680 intercessit
477 3612 513 3683 C.
541 3610 694 3709 Caelius7
720 3613 756 3684 C.
784 3613 918 3710 Pansa,
945 3610 1078 3683 tribuni
1103 3607 1221 3709 plebis.
1287 3644 1289 3651 2

305 3736 469 3835 Itemque
505 3742 647 3847 senatui
679 3739 848 3837 placere,
886 3742 923 3808 in
967 3737 1138 3809 Ciliciam
1170 3754 1254 3833 pro·

258 3861 511 3948 vinciam,j1·a
544 3879 624 3936 octo
662 3865 821 3963 reliquas
857 3864 1065 3963 provincias
1082 3864 1128 3948 ⁵³,
1163 3877 1263 3959 quaS
