2616 4852
180 341 246 415 162
524 364 694 410 urrsrom
720 361 845 410 ccxxu.
950 356 981 403 11.
1001 357 1081 404 v.c.
1103 368 1146 415 702

174 466 340 540 vitatibus
366 464 644 565 postulantibusl
682 463 773 537 Nam
804 459 890 533 mihi
924 473 1040 531 totum
1066 485 1166 557 genus

172 592 385 690 legationum
402 596 429 687 ⁶,
452 604 514 663 tuo
540 591 681 663 nomine
708 588 1024 690 proficiscentium,
1049 599 1166 658 notum

172 745 246 790 non
271 731 353 790 erat.
378 719 555 818 Apameae
581 723 688 818 quum
713 742 848 813 essem,
871 713 1060 786 multarum
1089 713 1167 786 civi-
1194 722 1199 731 '

172 858 298 920 tatum·
317 845 495 945 principes
528 843 574 915 ad
605 869 660 914 me
695 840 914 940 detulerunt,
947 852 1085 912 sumtus
1114 836 1166 910 de·

172 972 266 1042 cerni
290 969 412 1069 legatis
437 971 539 1042 nimis
565 994 727 1066 magnos,
757 994 864 1068 quum
890 964 1062 1038 solvendo
1089 965 1166 1049 civi·

170 1108 260 1168 tates
286 1122 360 1170 non
384 1109 508 1168 essent.
543 1095 611 1166 Hie
646 1119 710 1190 ego
742 1092 852 1164 multa
880 1090 984 1164 simul
1010 1089 1164 1188 cogitavi.

169 1221 344 1322 Primum,
371 1237 404 1295 te
429 1222 609 1295 hominem
634 1245 707 1293 non
733 1218 847 1292 solum
872 1217 1091 1318 sapientem,
1118 1241 1166 1290 ve·

169 1374 247 1419 rum
273 1350 380 1421 etiam
406 1356 473 1438 (ut
501 1373 595 1420 nune
628 1347 804 1448 loquimur
820 1354 830 1434 )
845 1344 1032 1416 urbanum
1049 1363 1077 1442 1,
1100 1365 1166 1414 non

169 1473 363 1548 arbitrabar
395 1501 519 1572 genere
551 1475 620 1548 isto
652 1472 866 1570 legationum
897 1469 1087 1568 delectari5
1119 1467 1166 1540 id·
1194 1499 1196 1506 ·

169 1624 236 1700 que
269 1627 325 1673 me
359 1600 509 1675 arbitror
548 1598 722 1700 Synnadis
756 1623 821 1698 pro
855 1595 1020 1670 tribunali
1053 1593 1165 1668 multis

167 1725 283 1799 verbis
310 1726 559 1828 disputavisse:
584 1727 736 1825 primum
751 1726 778 1824 ⁸,
801 1724 957 1824 Appium
983 1721 1166 1796 Claudium

165 1853 302 1924 senatui
327 1852 532 1953 populoque
558 1853 737 1949 Romano,
755 1876 828 1923 nou
853 1848 1107 1948 Myndensium
1122 1861 1165 1920 te-

165 1979 331 2051 stimonio
357 1980 422 2067 (iu
447 2005 488 2051 ea
514 1981 608 2050 enim
634 1978 774 2050 civitate
801 1978 933 2049 mentio
958 1975 1052 2047 faeta
1080 1987 1132 2048 est
1145 1985 1165 2070 ),

154 2101 229 2174 -sed
262 2131 323 2177 sua
346 2119 485 2205 'sponte
522 2130 597 2176 esse
629 2103 832 2201 laudatum3
867 2101 995 2176 deinde
1028 2128 1088 2174 me
1118 2102 1163 2172 ita

163 2226 325 2325 vidisse9
350 2229 468 2302 multis
501 2230 678 2329 accidere,
710 2243 750 2302 ut
783 2255 904 2302 eorum
938 2255 1043 2302 causa
1075 2229 1163 2327 lega·

163 2356 276 2427 tiones
301 2357 450 2429 Romam
472 2356 649 2456 venirent,
669 2355 732 2429 sed
756 2355 810 2429 his
835 2355 1069 2454 legationibus
1093 2380 1163 2428 non
1195 2396 1201 2405 ·

161 2481 362 2554 meminisse
398 2481 508 2555 ullum
547 2497 685 2583 tempus
719 2482 914 2581 laudandi,
951 2496 1012 2554 aut
1048 2480 1162 2554 locum

162 2603 260 2706 dari3
293 2607 412 2680 'studia
449 2607 536 2680 mihi
574 2635 695 2682 eorum
728 2609 887 2708 placere,
922 2607 1019 2709 quod
1056 2608 1093 2679 in
1130 2621 1162 2678 te

160 2729 401 2808 benemerito
428 2737 515 2833 grati
542 2749 679 2835 essent5
711 2736 893 2815 consilium
919 2719 1036 2808 totum
1057 2752 1085 2784 ¹⁰
1112 2735 1161 2806 vi-

161 2857 234 2931 deri
261 2862 403 2935 minime
429 2864 670 2935 necessarium.
697 2862 733 2933 Si
759 2877 876 2935 autem
901 2860 1034 2963 vellent
1055 2879 1081 2912 ¹¹
1106 2861 1161 2933 de·

158 2983 287 3057 elarare
312 2989 349 3058 in
375 3013 418 3060 eo
445 2988 599 3061 officium
632 3017 751 3088 suum,
779 2988 1003 3062 laudaturum
1030 3014 1110 3085 me,
1133 2989 1159 3060 si

158 3111 217 3210 qui
251 3139 315 3184 suo
348 3129 464 3185 sumtu
497 3115 637 3187 functus
664 3129 762 3214 'esset
796 3116 911 3189 ollioio
925 3145 935 3215 3
974 3141 1159 3189 concessu-

155 3262 251 3333 rum,
277 3242 306 3308 si
330 3238 485 3336 legitimo
507 3257 554 3339 ¹²5
580 3268 653 3314 non
679 3244 947 3342 permissurum,
965 3245 994 3315 si
1014 3242 1159 3336 infinito.

157 3361 253 3451 Quid
279 3389 320 3435 ex
346 3364 399 3437 lris
426 3367 636 3476 reprehendi
662 3369 803 3468 potestl
828 3369 902 3442 Nisi
929 3369 1028 3469 quod
1045 3367 1160 3466 addis,

156 3486 268 3559 visum
302 3517 376 3564 esse
411 3491 618 3592 quibusdam
654 3496 808 3568 edictum
843 3521 961 3568 meum
982 3497 1028 3595 ¹³,
1061 3493 1158 3594 qua'si

154 3612 313 3685 consulto
340 3616 386 3686 ad
412 3618 495 3689 istas
520 3618 712 3716 legationes
738 3620 984 3720 impediendas
1011 3647 1086 3692 esse
1104 3645 1159 3692 ac·

153 3739 560 3815 comrnodatum.lam1t
580 3772 652 3818 non
671 3760 743 3818 tam
761 3748 846 3818 milri
873 3745 1040 3819 videntur
1065 3746 1157 3817 iniu-

152 3862 238 3935 riam
264 3865 394 3966 sacere,
420 3871 449 3940 si
475 3873 534 3970 qui
560 3871 648 3946 haec
675 3873 878 3974 disputant,
909 3901 1015 3974 quam
1041 3875 1069 3945 si
1096 3898 1161 3942 cu-
