<?xml version="1.0" encoding="UTF-8"?>
<!DOCTYPE html PUBLIC "-//W3C//DTD XHTML 1.0 Transitional//EN"
    "http://www.w3.org/TR/xhtml1/DTD/xhtml1-transitional.dtd">
<html xmlns="http://www.w3.org/1999/xhtml" xml:lang="en" lang="en">
 <head>
  <title>
</title>
<meta http-equiv="Content-Type" content="text/html;charset=utf-8" />
  <meta name='ocr-system' content='tesseract 3.04.00' />
  <meta name='ocr-capabilities' content='ocr_page ocr_carea ocr_par ocr_line ocrx_word'/>
</head>
<body>
  <div class='ocr_page' id='page_1' title='image "./mtulliiciceroni02cicegoog_0410.png"; bbox 0 0 2616 4852; ppageno 0'>
   <div class='ocr_carea' id='block_1_1' title="bbox 153 309 793 404">
    <p class='ocr_par' dir='ltr' id='par_1_1' title="bbox 153 309 793 404">
     <span class='ocr_line' id='line_1_1' title="bbox 153 309 793 404; baseline -0.008 -33"><span class='ocrx_word' id='word_1_1' title='bbox 153 309 228 404; x_wconf 69' lang='lat'><strong>4¹⁰</strong></span> <span class='ocrx_word' id='word_1_2' title='bbox 520 317 793 374; x_wconf 76' lang='lat' dir='ltr'><strong>tnnnrtrrones</strong></span> 
     </span>
    </p>
   </div>
   <div class='ocr_carea' id='block_1_2' title="bbox 156 417 1156 1679">
    <p class='ocr_par' dir='ltr' id='par_1_2' title="bbox 156 417 1152 712">
     <span class='ocr_line' id='line_1_2' title="bbox 156 417 1150 514; baseline -0.007 -24"><span class='ocrx_word' id='word_1_3' title='bbox 156 455 173 514; x_wconf 86' lang='lat'>7</span> <span class='ocrx_word' id='word_1_4' title='bbox 194 428 283 494; x_wconf 74' lang='lat' dir='ltr'><strong>Amb.</strong></span> <span class='ocrx_word' id='word_1_5' title='bbox 307 426 342 488; x_wconf 84' lang='grc' dir='ltr'><strong>ι5</strong></span> <span class='ocrx_word' id='word_1_6' title='bbox 363 436 390 485; x_wconf 84' lang='lat' dir='ltr'><strong>te</strong></span> <span class='ocrx_word' id='word_1_7' title='bbox 412 423 550 504; x_wconf 77' lang='lat' dir='ltr'><strong>tetigisse3</strong></span> <span class='ocrx_word' id='word_1_8' title='bbox 569 435 630 486; x_wconf 84' lang='lat' dir='ltr'><strong>tres</strong></span> <span class='ocrx_word' id='word_1_9' title='bbox 656 422 706 483; x_wconf 85' lang='lat' dir='ltr'><strong>alii</strong></span> <span class='ocrx_word' id='word_1_10' title='bbox 726 440 797 482; x_wconf 88' lang='lat' dir='ltr'><strong>cnm</strong></span> <span class='ocrx_word' id='word_1_11' title='bbox 817 417 890 481; x_wconf 81' lang='lat' dir='ltr'><strong>Rec.</strong></span> <span class='ocrx_word' id='word_1_12' title='bbox 911 428 942 480; x_wconf 91' lang='lat' dir='ltr'><strong>et</strong></span> <span class='ocrx_word' id='word_1_13' title='bbox 962 417 1010 495; x_wconf 85' lang='lat' dir='ltr'><strong>ed.</strong></span> <span class='ocrx_word' id='word_1_14' title='bbox 1030 418 1107 484; x_wconf 71' lang='lat' dir='ltr'><strong>Mad.</strong></span> <span class='ocrx_word' id='word_1_15' title='bbox 1127 432 1150 485; x_wconf 78' lang='lat' dir='ltr'><strong>te</strong></span> 
     </span>
     <span class='ocr_line' id='line_1_3' title="bbox 194 526 1152 616; baseline -0.008 -20"><span class='ocrx_word' id='word_1_16' title='bbox 194 536 332 616; x_wconf 82' lang='lat' dir='ltr'><strong>attigisse.</strong></span> <span class='ocrx_word' id='word_1_17' title='bbox 352 532 412 594; x_wconf 86' lang='lat' dir='ltr'><strong>Sed</strong></span> <span class='ocrx_word' id='word_1_18' title='bbox 432 543 548 612; x_wconf 68' lang='lat' dir='ltr'><strong>ungere</strong></span> <span class='ocrx_word' id='word_1_19' title='bbox 568 542 600 592; x_wconf 85' lang='lat' dir='ltr'><strong>et</strong></span> <span class='ocrx_word' id='word_1_20' title='bbox 624 531 764 611; x_wconf 75' lang='lat' dir='ltr'><strong>attingere</strong></span> <span class='ocrx_word' id='word_1_21' title='bbox 788 538 956 614; x_wconf 78' lang='lat' dir='ltr'><strong>utrumque</strong></span> <span class='ocrx_word' id='word_1_22' title='bbox 984 526 1152 594; x_wconf 80' lang='lat' dir='ltr'><strong>Ciceronia-</strong></span> 
     </span>
     <span class='ocr_line' id='line_1_4' title="bbox 195 638 599 712; baseline -0.012 -9"><span class='ocrx_word' id='word_1_23' title='bbox 195 663 280 703; x_wconf 88' lang='lat' dir='ltr'><strong>num.</strong></span> <span class='ocrx_word' id='word_1_24' title='bbox 300 639 370 702; x_wconf 76' lang='lat' dir='ltr'><strong>efer</strong></span> <span class='ocrx_word' id='word_1_25' title='bbox 389 638 478 701; x_wconf 77' lang='lat' dir='ltr'><strong>Vere.</strong></span> <span class='ocrx_word' id='word_1_26' title='bbox 497 639 529 712; x_wconf 90' lang='lat'><strong>1,</strong></span> <span class='ocrx_word' id='word_1_27' title='bbox 553 659 599 699; x_wconf 86' lang='grc' dir='ltr'><strong>ιο.</strong></span> 
     </span>
    </p>

    <p class='ocr_par' dir='ltr' id='par_1_3' title="bbox 156 743 1156 1021">
     <span class='ocr_line' id='line_1_5' title="bbox 156 743 1153 830; baseline -0.007 -20"><span class='ocrx_word' id='word_1_28' title='bbox 156 749 176 810; x_wconf 89' lang='grc'><strong>8</strong></span> <span class='ocrx_word' id='word_1_29' title='bbox 198 751 223 809; x_wconf 78' lang='grc' dir='ltr'><strong>Α</strong></span> <span class='ocrx_word' id='word_1_30' title='bbox 243 757 374 830; x_wconf 85' lang='lat' dir='ltr'><strong>quatuor</strong></span> <span class='ocrx_word' id='word_1_31' title='bbox 393 745 502 807; x_wconf 80' lang='lat' dir='ltr'>Ambb.</span> <span class='ocrx_word' id='word_1_32' title='bbox 522 756 552 806; x_wconf 89' lang='lat' dir='ltr'><strong>et</strong></span> <span class='ocrx_word' id='word_1_33' title='bbox 572 768 591 806; x_wconf 91' lang='lat' dir='ltr'><strong>a</strong></span> <span class='ocrx_word' id='word_1_34' title='bbox 610 745 681 807; x_wconf 83' lang='lat' dir='ltr'><strong>Ree.</strong></span> <span class='ocrx_word' id='word_1_35' title='bbox 703 743 787 805; x_wconf 86' lang='lat' dir='ltr'><strong>abest</strong></span> <span class='ocrx_word' id='word_1_36' title='bbox 806 763 866 804; x_wconf 85' lang='lat' dir='ltr'><strong>vox</strong></span> <span class='ocrx_word' id='word_1_37' title='bbox 888 743 1080 827; x_wconf 52' lang='lat' dir='ltr'><strong>Pompeiana</strong></span> <span class='ocrx_word' id='word_1_38' title='bbox 1098 764 1153 811; x_wconf 78' lang='lat' dir='ltr'><strong>ann</strong></span> 
     </span>
     <span class='ocr_line' id='line_1_6' title="bbox 197 850 1156 934; baseline -0.004 -20"><span class='ocrx_word' id='word_1_39' title='bbox 197 857 240 914; x_wconf 87' lang='lat' dir='ltr'><strong>ita</strong></span> <span class='ocrx_word' id='word_1_40' title='bbox 265 854 353 914; x_wconf 87' lang='lat' dir='ltr'><strong>male.</strong></span> <span class='ocrx_word' id='word_1_41' title='bbox 381 851 439 913; x_wconf 85' lang='lat' dir='ltr'><strong>Ed.</strong></span> <span class='ocrx_word' id='word_1_42' title='bbox 466 851 523 913; x_wconf 75' lang='lat' dir='ltr'><strong>lto.</strong></span> <span class='ocrx_word' id='word_1_43' title='bbox 549 873 641 934; x_wconf 87' lang='lat' dir='ltr'><strong>supra</strong></span> <span class='ocrx_word' id='word_1_44' title='bbox 668 851 744 912; x_wconf 74' lang='lat' dir='ltr'><strong>alius</strong></span> <span class='ocrx_word' id='word_1_45' title='bbox 770 850 848 912; x_wconf 85' lang='lat' dir='ltr'><strong>enim</strong></span> <span class='ocrx_word' id='word_1_46' title='bbox 873 851 909 912; x_wconf 86' lang='lat' dir='ltr'><strong>P.</strong></span> <span class='ocrx_word' id='word_1_47' title='bbox 928 851 971 912; x_wconf 84' lang='lat' dir='ltr'><strong>ab</strong></span> <span class='ocrx_word' id='word_1_48' title='bbox 998 851 1069 912; x_wconf 79' lang='lat' dir='ltr'><strong>urbe</strong></span> <span class='ocrx_word' id='word_1_49' title='bbox 1096 851 1156 911; x_wconf 87' lang='lat' dir='ltr'><strong>mit-</strong></span> 
     </span>
     <span class='ocr_line' id='line_1_7' title="bbox 201 959 399 1021; baseline -0.015 0"><span class='ocrx_word' id='word_1_50' title='bbox 201 959 320 1021; x_wconf 82' lang='lat' dir='ltr'><strong>tendum</strong></span> <span class='ocrx_word' id='word_1_51' title='bbox 341 969 399 1019; x_wconf 86' lang='lat' dir='ltr'><strong>etc.</strong></span> 
     </span>
    </p>

    <p class='ocr_par' dir='ltr' id='par_1_4' title="bbox 157 1061 1155 1679">
     <span class='ocr_line' id='line_1_8' title="bbox 157 1061 1153 1148; baseline -0.004 -22"><span class='ocrx_word' id='word_1_52' title='bbox 157 1088 178 1148; x_wconf 84' lang='lat'><strong>9</strong></span> <span class='ocrx_word' id='word_1_53' title='bbox 198 1067 267 1126; x_wconf 90' lang='lat' dir='ltr'><strong>Non</strong></span> <span class='ocrx_word' id='word_1_54' title='bbox 287 1074 406 1148; x_wconf 86' lang='lat' dir='ltr'><strong>poterat</strong></span> <span class='ocrx_word' id='word_1_55' title='bbox 426 1066 507 1124; x_wconf 89' lang='lat' dir='ltr'><strong>enim</strong></span> <span class='ocrx_word' id='word_1_56' title='bbox 532 1066 669 1146; x_wconf 75' lang='lat' dir='ltr'><strong>privatin</strong></span> <span class='ocrx_word' id='word_1_57' title='bbox 691 1065 770 1124; x_wconf 90' lang='lat' dir='ltr'><strong>mitti</strong></span> <span class='ocrx_word' id='word_1_58' title='bbox 791 1084 827 1124; x_wconf 83' lang='lat' dir='ltr'><strong>ex</strong></span> <span class='ocrx_word' id='word_1_59' title='bbox 848 1062 979 1125; x_wconf 86' lang='lat' dir='ltr'><strong>Senatus</strong></span> <span class='ocrx_word' id='word_1_60' title='bbox 1004 1061 1153 1134; x_wconf 81' lang='lat' dir='ltr'><strong>consulto,</strong></span> 
     </span>
     <span class='ocr_line' id='line_1_9' title="bbox 195 1169 1155 1258; baseline 0.006 -26"><span class='ocrx_word' id='word_1_61' title='bbox 195 1171 247 1232; x_wconf 86' lang='lat' dir='ltr'><strong>sed</strong></span> <span class='ocrx_word' id='word_1_62' title='bbox 266 1173 422 1253; x_wconf 84' lang='lat' dir='ltr'><strong>rogatione</strong></span> <span class='ocrx_word' id='word_1_63' title='bbox 442 1169 481 1231; x_wconf 88' lang='lat' dir='ltr'><strong>ad</strong></span> <span class='ocrx_word' id='word_1_64' title='bbox 501 1171 662 1258; x_wconf 82' lang='lat' dir='ltr'><strong>poputum.</strong></span> <span class='ocrx_word' id='word_1_65' title='bbox 679 1169 830 1250; x_wconf 68' lang='lat' dir='ltr'><strong>,Anonyna</strong></span> <span class='ocrx_word' id='word_1_66' title='bbox 851 1171 946 1253; x_wconf 74' lang='lat' dir='ltr'><strong>Atqui</strong></span> <span class='ocrx_word' id='word_1_67' title='bbox 968 1180 1001 1231; x_wconf 87' lang='lat' dir='ltr'><strong>et</strong></span> <span class='ocrx_word' id='word_1_68' title='bbox 1019 1170 1079 1256; x_wconf 85' lang='lat' dir='ltr'><strong>ipsi</strong></span> <span class='ocrx_word' id='word_1_69' title='bbox 1094 1189 1155 1237; x_wconf 75' lang='lat' dir='ltr'><strong>mt-</strong></span> 
     </span>
     <span class='ocr_line' id='line_1_10' title="bbox 195 1275 1153 1359; baseline -0.001 -20"><span class='ocrx_word' id='word_1_70' title='bbox 195 1281 337 1359; x_wconf 84' lang='lat' dir='ltr'><strong>gistratns</strong></span> <span class='ocrx_word' id='word_1_71' title='bbox 360 1298 397 1339; x_wconf 83' lang='lat' dir='ltr'><strong>ex</strong></span> <span class='ocrx_word' id='word_1_72' title='bbox 423 1277 504 1341; x_wconf 74' lang='lat' dir='ltr'><strong>scio</strong></span> <span class='ocrx_word' id='word_1_73' title='bbox 532 1276 744 1350; x_wconf 62' lang='lat' dir='ltr'><strong>mittebantur,</strong></span> <span class='ocrx_word' id='word_1_74' title='bbox 768 1287 805 1340; x_wconf 90' lang='lat' dir='ltr'><strong>nt</strong></span> <span class='ocrx_word' id='word_1_75' title='bbox 827 1275 1049 1343; x_wconf 75' lang='lat' dir='ltr'><strong>animadvertit</strong></span> <span class='ocrx_word' id='word_1_76' title='bbox 1068 1277 1153 1341; x_wconf 82' lang='lat' dir='ltr'><strong>Erne-</strong></span> 
     </span>
     <span class='ocr_line' id='line_1_11' title="bbox 196 1382 1153 1465; baseline -0.002 -20"><span class='ocrx_word' id='word_1_77' title='bbox 196 1386 278 1445; x_wconf 88' lang='lat' dir='ltr'><strong>stius.</strong></span> <span class='ocrx_word' id='word_1_78' title='bbox 299 1384 379 1445; x_wconf 89' lang='lat' dir='ltr'><strong>llinc</strong></span> <span class='ocrx_word' id='word_1_79' title='bbox 397 1404 440 1445; x_wconf 78' lang='lat' dir='ltr'><strong>ex</strong></span> <span class='ocrx_word' id='word_1_80' title='bbox 459 1383 541 1445; x_wconf 71' lang='lat' dir='ltr'><strong>scio</strong></span> <span class='ocrx_word' id='word_1_81' title='bbox 572 1384 654 1446; x_wconf 87' lang='lat' dir='ltr'><strong>idem</strong></span> <span class='ocrx_word' id='word_1_82' title='bbox 674 1395 719 1450; x_wconf 79' lang='lat' dir='ltr'><strong>est</strong></span> <span class='ocrx_word' id='word_1_83' title='bbox 745 1382 805 1447; x_wconf 83' lang='lat' dir='ltr'><strong>hoe</strong></span> <span class='ocrx_word' id='word_1_84' title='bbox 830 1383 899 1452; x_wconf 72' lang='lat' dir='ltr'><strong>loen</strong></span> <span class='ocrx_word' id='word_1_85' title='bbox 926 1394 1024 1465; x_wconf 83' lang='lat' dir='ltr'><strong>atque</strong></span> <span class='ocrx_word' id='word_1_86' title='bbox 1044 1404 1080 1446; x_wconf 86' lang='lat' dir='ltr'><strong>ex</strong></span> <span class='ocrx_word' id='word_1_87' title='bbox 1099 1384 1153 1444; x_wconf 86' lang='lat' dir='ltr'><strong>selo</strong></span> 
     </span>
     <span class='ocr_line' id='line_1_12' title="bbox 194 1489 1151 1574; baseline 0 -23"><span class='ocrx_word' id='word_1_88' title='bbox 194 1489 284 1553; x_wconf 84' lang='lat' dir='ltr'><strong>scto.</strong></span> <span class='ocrx_word' id='word_1_89' title='bbox 306 1491 460 1565; x_wconf 73' lang='lat' dir='ltr'><strong>Privatos,</strong></span> <span class='ocrx_word' id='word_1_90' title='bbox 480 1493 534 1573; x_wconf 91' lang='lat' dir='ltr'><strong>qui</strong></span> <span class='ocrx_word' id='word_1_91' title='bbox 560 1492 674 1555; x_wconf 88' lang='lat' dir='ltr'><strong>seilicet</strong></span> <span class='ocrx_word' id='word_1_92' title='bbox 699 1493 743 1553; x_wconf 89' lang='lat' dir='ltr'><strong>in.</strong></span> <span class='ocrx_word' id='word_1_93' title='bbox 757 1491 906 1574; x_wconf 83' lang='lat' dir='ltr'><strong>praesenti</strong></span> <span class='ocrx_word' id='word_1_94' title='bbox 933 1489 1059 1551; x_wconf 89' lang='lat' dir='ltr'><strong>nullum</strong></span> <span class='ocrx_word' id='word_1_95' title='bbox 1077 1510 1151 1574; x_wconf 85' lang='lat' dir='ltr'><strong>gere-</strong></span> 
     </span>
     <span class='ocr_line' id='line_1_13' title="bbox 196 1584 504 1679; baseline -0.003 -20"><span class='ocrx_word' id='word_1_96' title='bbox 196 1609 265 1659; x_wconf 83' lang='lat' dir='ltr'><strong>rent</strong></span> <span class='ocrx_word' id='word_1_97' title='bbox 284 1584 504 1679; x_wconf 79' lang='lat' dir='ltr'><strong>magistratum.</strong></span> 
     </span>
    </p>
   </div>
   <div class='ocr_carea' id='block_1_3' title="bbox 50 1694 1148 1787">
    <p class='ocr_par' dir='ltr' id='par_1_5' title="bbox 50 1694 1148 1787">
     <span class='ocr_line' id='line_1_14' title="bbox 50 1694 1148 1787; baseline -0.004 -21"><span class='ocrx_word' id='word_1_98' title='bbox 50 1694 53 1702; x_wconf 48' lang='lat'><strong>¹</strong></span> <span class='ocrx_word' id='word_1_99' title='bbox 161 1728 201 1769; x_wconf 76' lang='lat' dir='ltr'><strong>re</strong></span> <span class='ocrx_word' id='word_1_100' title='bbox 217 1705 338 1767; x_wconf 82' lang='lat' dir='ltr'><strong>Scilicet</strong></span> <span class='ocrx_word' id='word_1_101' title='bbox 358 1704 400 1767; x_wconf 49' lang='lat' dir='ltr'><strong>ad¹</strong></span> <span class='ocrx_word' id='word_1_102' title='bbox 417 1707 583 1767; x_wconf 83' lang='lat' dir='ltr'><strong>exercitum</strong></span> <span class='ocrx_word' id='word_1_103' title='bbox 603 1715 709 1767; x_wconf 82' lang='lat' dir='ltr'><strong>eontra</strong></span> <span class='ocrx_word' id='word_1_104' title='bbox 720 1701 859 1772; x_wconf 69' lang='lat' dir='ltr'><strong>Pontos.</strong></span> <span class='ocrx_word' id='word_1_105' title='bbox 872 1702 945 1769; x_wconf 68' lang='lat' dir='ltr'><strong>vict</strong></span> <span class='ocrx_word' id='word_1_106' title='bbox 958 1723 1009 1787; x_wconf 85' lang='lat' dir='ltr'><strong>ep.</strong></span> <span class='ocrx_word' id='word_1_107' title='bbox 1023 1702 1148 1775; x_wconf 59' lang='lat' dir='ltr'><strong>mvn</strong></span> 
     </span>
    </p>
   </div>
   <div class='ocr_carea' id='block_1_4' title="bbox 86 1815 1150 2748">
    <p class='ocr_par' dir='ltr' id='par_1_6' title="bbox 197 1815 317 1874">
     <span class='ocr_line' id='line_1_15' title="bbox 197 1815 317 1874; baseline 0.008 -1"><span class='ocrx_word' id='word_1_108' title='bbox 197 1815 229 1873; x_wconf 92' lang='lat' dir='ltr'><strong>in</strong></span> <span class='ocrx_word' id='word_1_109' title='bbox 249 1822 317 1874; x_wconf 86' lang='lat' dir='ltr'><strong>not.</strong></span> 
     </span>
    </p>

    <p class='ocr_par' dir='ltr' id='par_1_7' title="bbox 159 1918 618 1986">
     <span class='ocr_line' id='line_1_16' title="bbox 159 1918 618 1986; baseline 0.002 -7"><span class='ocrx_word' id='word_1_110' title='bbox 159 1941 197 1986; x_wconf 75' lang='grc' dir='ltr'><strong>ιι,</strong></span> <span class='ocrx_word' id='word_1_111' title='bbox 216 1918 353 1981; x_wconf 85' lang='lat' dir='ltr'><strong>Subaudi</strong></span> <span class='ocrx_word' id='word_1_112' title='bbox 372 1918 618 1981; x_wconf 59' lang='lat' dir='ltr'><strong>adunatam</strong></span> 
     </span>
    </p>

    <p class='ocr_par' dir='ltr' id='par_1_8' title="bbox 86 2023 1150 2748">
     <span class='ocr_line' id='line_1_17' title="bbox 160 2023 1149 2107; baseline 0.001 -22"><span class='ocrx_word' id='word_1_113' title='bbox 160 2046 193 2086; x_wconf 73' lang='grc' dir='ltr'><strong>ιι</strong></span> <span class='ocrx_word' id='word_1_114' title='bbox 215 2025 249 2085; x_wconf 92' lang='lat' dir='ltr'><strong>ld</strong></span> <span class='ocrx_word' id='word_1_115' title='bbox 269 2037 327 2098; x_wconf 88' lang='lat' dir='ltr'><strong>est,</strong></span> <span class='ocrx_word' id='word_1_116' title='bbox 348 2026 400 2087; x_wconf 88' lang='lat' dir='ltr'><strong>sed</strong></span> <span class='ocrx_word' id='word_1_117' title='bbox 420 2023 545 2088; x_wconf 83' lang='lat' dir='ltr'><strong>honeste</strong></span> <span class='ocrx_word' id='word_1_118' title='bbox 566 2025 667 2088; x_wconf 84' lang='lat' dir='ltr'><strong>velant</strong></span> <span class='ocrx_word' id='word_1_119' title='bbox 680 2027 744 2086; x_wconf 86' lang='lat' dir='ltr'><strong>sive</strong></span> <span class='ocrx_word' id='word_1_120' title='bbox 756 2024 990 2107; x_wconf 78' lang='lat' dir='ltr'><strong>negligentiam,</strong></span> <span class='ocrx_word' id='word_1_121' title='bbox 1004 2027 1071 2087; x_wconf 83' lang='lat' dir='ltr'><strong>sive</strong></span> <span class='ocrx_word' id='word_1_122' title='bbox 1084 2027 1149 2086; x_wconf 84' lang='lat' dir='ltr'><strong>iner-</strong></span> 
     </span>
     <span class='ocr_line' id='line_1_18' title="bbox 86 2131 1149 2214; baseline 0 -22"><span class='ocrx_word' id='word_1_123' title='bbox 86 2136 89 2145; x_wconf 82' lang='grc'><em>’</em></span> <span class='ocrx_word' id='word_1_124' title='bbox 195 2134 284 2204; x_wconf 88' lang='lat' dir='ltr'><strong>tiam,</strong></span> <span class='ocrx_word' id='word_1_125' title='bbox 305 2135 369 2194; x_wconf 86' lang='lat' dir='ltr'><strong>sive</strong></span> <span class='ocrx_word' id='word_1_126' title='bbox 381 2144 496 2194; x_wconf 84' lang='lat' dir='ltr'><strong>metum</strong></span> <span class='ocrx_word' id='word_1_127' title='bbox 507 2155 600 2194; x_wconf 74' lang='lat' dir='ltr'><strong>auum</strong></span> <span class='ocrx_word' id='word_1_128' title='bbox 612 2131 829 2198; x_wconf 69' lang='lat' dir='ltr'><strong>moderationis</strong></span> <span class='ocrx_word' id='word_1_129' title='bbox 842 2134 960 2214; x_wconf 77' lang='lat' dir='ltr'><strong>speeie,</strong></span> <span class='ocrx_word' id='word_1_130' title='bbox 981 2132 1096 2199; x_wconf 83' lang='lat' dir='ltr'><strong>seilicet</strong></span> <span class='ocrx_word' id='word_1_131' title='bbox 1105 2151 1149 2193; x_wconf 81' lang='lat' dir='ltr'><strong>ne·</strong></span> 
     </span>
     <span class='ocr_line' id='line_1_19' title="bbox 195 2234 1150 2321; baseline 0.002 -23"><span class='ocrx_word' id='word_1_132' title='bbox 195 2238 305 2311; x_wconf 89' lang='lat' dir='ltr'><strong>lendo,</strong></span> <span class='ocrx_word' id='word_1_133' title='bbox 325 2238 385 2299; x_wconf 87' lang='lat' dir='ltr'><strong>hoe</strong></span> <span class='ocrx_word' id='word_1_134' title='bbox 405 2250 468 2312; x_wconf 88' lang='lat' dir='ltr'><strong>est,</strong></span> <span class='ocrx_word' id='word_1_135' title='bbox 491 2235 658 2301; x_wconf 73' lang='lat' dir='ltr'><strong>recusanda</strong></span> <span class='ocrx_word' id='word_1_136' title='bbox 686 2240 885 2321; x_wconf 87' lang='lat' dir='ltr'><strong>provinciam.</strong></span> <span class='ocrx_word' id='word_1_137' title='bbox 912 2237 1049 2313; x_wconf 76' lang='lat' dir='ltr'><strong>Latent,</strong></span> <span class='ocrx_word' id='word_1_138' title='bbox 1067 2249 1102 2300; x_wconf 89' lang='lat' dir='ltr'><strong>nt</strong></span> <span class='ocrx_word' id='word_1_139' title='bbox 1116 2234 1150 2299; x_wconf 78' lang='lat' dir='ltr'><strong>ad</strong></span> 
     </span>
     <span class='ocr_line' id='line_1_20' title="bbox 185 2343 1147 2419; baseline 0 -17"><span class='ocrx_word' id='word_1_140' title='bbox 185 2345 328 2415; x_wconf 71' lang='lat' dir='ltr'><strong>,notantes</strong></span> <span class='ocrx_word' id='word_1_141' title='bbox 352 2345 534 2419; x_wconf 80' lang='lat' dir='ltr'><strong>referretur,</strong></span> <span class='ocrx_word' id='word_1_142' title='bbox 559 2345 644 2406; x_wconf 84' lang='lat' dir='ltr'><strong>dedit</strong></span> <span class='ocrx_word' id='word_1_143' title='bbox 668 2344 825 2411; x_wconf 79' lang='lat' dir='ltr'><strong>Ernestius</strong></span> <span class='ocrx_word' id='word_1_144' title='bbox 851 2364 887 2410; x_wconf 85' lang='lat' dir='ltr'><strong>ex</strong></span> <span class='ocrx_word' id='word_1_145' title='bbox 913 2343 986 2409; x_wconf 84' lang='lat' dir='ltr'><strong>edit</strong></span> <span class='ocrx_word' id='word_1_146' title='bbox 1016 2345 1103 2405; x_wconf 85' lang='lat' dir='ltr'><strong>an.</strong></span> <span class='ocrx_word' id='word_1_147' title='bbox 1125 2353 1147 2402; x_wconf 86' lang='lat' dir='ltr'><strong>et</strong></span> 
     </span>
     <span class='ocr_line' id='line_1_21' title="bbox 195 2449 1146 2532; baseline 0 -24"><span class='ocrx_word' id='word_1_148' title='bbox 195 2451 344 2532; x_wconf 86' lang='lat' dir='ltr'><strong>recipiunt</strong></span> <span class='ocrx_word' id='word_1_149' title='bbox 365 2454 554 2514; x_wconf 82' lang='lat' dir='ltr'><strong>recentiores.</strong></span> <span class='ocrx_word' id='word_1_150' title='bbox 574 2452 645 2528; x_wconf 82' lang='lat' dir='ltr'><strong>Msti</strong></span> <span class='ocrx_word' id='word_1_151' title='bbox 659 2450 730 2521; x_wconf 72' lang='lat' dir='ltr'><strong>libri</strong></span> <span class='ocrx_word' id='word_1_152' title='bbox 746 2461 781 2515; x_wconf 78' lang='lat' dir='ltr'><strong>et</strong></span> <span class='ocrx_word' id='word_1_153' title='bbox 798 2453 904 2513; x_wconf 86' lang='lat' dir='ltr'><strong>nostri</strong></span> <span class='ocrx_word' id='word_1_154' title='bbox 915 2461 948 2511; x_wconf 86' lang='lat' dir='ltr'><strong>et</strong></span> <span class='ocrx_word' id='word_1_155' title='bbox 968 2449 1099 2513; x_wconf 82' lang='lat' dir='ltr'><strong>aliorum</strong></span> <span class='ocrx_word' id='word_1_156' title='bbox 1112 2450 1146 2508; x_wconf 82' lang='lat' dir='ltr'><strong>la-</strong></span> 
     </span>
     <span class='ocr_line' id='line_1_22' title="bbox 196 2557 1147 2640; baseline -0.002 -23"><span class='ocrx_word' id='word_1_157' title='bbox 196 2567 244 2617; x_wconf 87' lang='lat' dir='ltr'><strong>tet.</strong></span> <span class='ocrx_word' id='word_1_158' title='bbox 271 2557 369 2618; x_wconf 88' lang='lat' dir='ltr'><strong>Porro</strong></span> <span class='ocrx_word' id='word_1_159' title='bbox 397 2559 567 2640; x_wconf 78' lang='lat' dir='ltr'><strong>negligentia</strong></span> <span class='ocrx_word' id='word_1_160' title='bbox 593 2559 756 2621; x_wconf 76' lang='lat' dir='ltr'><strong>voluntatis</strong></span> <span class='ocrx_word' id='word_1_161' title='bbox 781 2569 841 2634; x_wconf 83' lang='lat' dir='ltr'><strong>est,</strong></span> <span class='ocrx_word' id='word_1_162' title='bbox 869 2559 973 2640; x_wconf 85' lang='lat' dir='ltr'><strong>inquit</strong></span> <span class='ocrx_word' id='word_1_163' title='bbox 999 2558 1147 2626; x_wconf 79' lang='lat' dir='ltr'><strong>Graevius,</strong></span> 
     </span>
     <span class='ocr_line' id='line_1_23' title="bbox 195 2663 879 2748; baseline 0.006 -28"><span class='ocrx_word' id='word_1_164' title='bbox 195 2663 302 2723; x_wconf 82' lang='lat' dir='ltr'><strong>inertia</strong></span> <span class='ocrx_word' id='word_1_165' title='bbox 323 2666 414 2725; x_wconf 89' lang='lat' dir='ltr'><strong>etiam</strong></span> <span class='ocrx_word' id='word_1_166' title='bbox 435 2667 587 2744; x_wconf 87' lang='lat' dir='ltr'><strong>inscitiae;</strong></span> <span class='ocrx_word' id='word_1_167' title='bbox 609 2687 657 2748; x_wconf 89' lang='lat' dir='ltr'><strong>ep.</strong></span> <span class='ocrx_word' id='word_1_168' title='bbox 677 2665 879 2731; x_wconf 81' lang='lat' dir='ltr'><strong>D-CCCLVll.</strong></span> 
     </span>
    </p>
   </div>
   <div class='ocr_carea' id='block_1_5' title="bbox 161 2767 1145 2855">
    <p class='ocr_par' dir='ltr' id='par_1_9' title="bbox 161 2767 1145 2855">
     <span class='ocr_line' id='line_1_24' title="bbox 161 2767 1145 2855; baseline 0.002 -29"><span class='ocrx_word' id='word_1_169' title='bbox 161 2768 196 2826; x_wconf 83' lang='lat'><strong>13</strong></span> <span class='ocrx_word' id='word_1_170' title='bbox 218 2770 308 2852; x_wconf 79' lang='lat' dir='ltr'><strong>Apud</strong></span> <span class='ocrx_word' id='word_1_171' title='bbox 321 2767 470 2853; x_wconf 83' lang='lat' dir='ltr'><strong>populum</strong></span> <span class='ocrx_word' id='word_1_172' title='bbox 484 2772 589 2846; x_wconf 66' lang='lat' dir='ltr'>Rom„</span> <span class='ocrx_word' id='word_1_173' title='bbox 602 2771 685 2855; x_wconf 89' lang='lat' dir='ltr'><strong>apud</strong></span> <span class='ocrx_word' id='word_1_174' title='bbox 697 2793 806 2854; x_wconf 82' lang='lat' dir='ltr'><strong>quern,</strong></span> <span class='ocrx_word' id='word_1_175' title='bbox 818 2782 854 2834; x_wconf 89' lang='lat' dir='ltr'><strong>ut</strong></span> <span class='ocrx_word' id='word_1_176' title='bbox 866 2771 1026 2838; x_wconf 81' lang='lat' dir='ltr'><strong>Manutius</strong></span> <span class='ocrx_word' id='word_1_177' title='bbox 1040 2793 1075 2832; x_wconf 85' lang='lat' dir='ltr'><strong>ex</strong></span> <span class='ocrx_word' id='word_1_178' title='bbox 1087 2769 1145 2830; x_wconf 85' lang='lat' dir='ltr'><strong>Plu-</strong></span> 
     </span>
    </p>
   </div>
   <div class='ocr_carea' id='block_1_6' title="bbox 145 2874 1168 3904">
    <p class='ocr_par' dir='ltr' id='par_1_10' title="bbox 195 2874 1146 3064">
     <span class='ocr_line' id='line_1_25' title="bbox 195 2874 1146 2952; baseline -0.004 -16"><span class='ocrx_word' id='word_1_179' title='bbox 195 2874 302 2937; x_wconf 86' lang='lat' dir='ltr'><strong>tarcho</strong></span> <span class='ocrx_word' id='word_1_180' title='bbox 322 2880 356 2937; x_wconf 93' lang='lat' dir='ltr'><strong>in</strong></span> <span class='ocrx_word' id='word_1_181' title='bbox 368 2879 463 2941; x_wconf 89' lang='lat' dir='ltr'><strong>Bruto</strong></span> <span class='ocrx_word' id='word_1_182' title='bbox 478 2882 612 2952; x_wconf 87' lang='lat' dir='ltr'><strong>monuit,</strong></span> <span class='ocrx_word' id='word_1_183' title='bbox 625 2879 703 2941; x_wconf 85' lang='lat' dir='ltr'><strong>male</strong></span> <span class='ocrx_word' id='word_1_184' title='bbox 716 2878 859 2944; x_wconf 82' lang='lat' dir='ltr'><strong>audiebat</strong></span> <span class='ocrx_word' id='word_1_185' title='bbox 871 2881 1019 2940; x_wconf 80' lang='lat' dir='ltr'><strong>avaritiae</strong></span> <span class='ocrx_word' id='word_1_186' title='bbox 1032 2879 1146 2939; x_wconf 77' lang='lat' dir='ltr'><strong>nomine.</strong></span> 
     </span>
     <span class='ocr_line' id='line_1_26' title="bbox 195 2981 1049 3064; baseline 0.009 -25"><span class='ocrx_word' id='word_1_187' title='bbox 195 2981 267 3041; x_wconf 88' lang='grc' dir='ltr'><strong>Μοιι</strong></span> <span class='ocrx_word' id='word_1_188' title='bbox 290 2984 378 3045; x_wconf 88' lang='lat' dir='ltr'><strong>Amb.</strong></span> <span class='ocrx_word' id='word_1_189' title='bbox 404 2987 438 3046; x_wconf 84' lang='lat'><strong>13</strong></span> <span class='ocrx_word' id='word_1_190' title='bbox 461 2986 579 3048; x_wconf 83' lang='lat' dir='ltr'><strong>Cassius</strong></span> <span class='ocrx_word' id='word_1_191' title='bbox 599 2988 747 3061; x_wconf 81' lang='lat' dir='ltr'><strong>veniebat,</strong></span> <span class='ocrx_word' id='word_1_192' title='bbox 771 2987 807 3064; x_wconf 68' lang='lat'><strong>14</strong></span> <span class='ocrx_word' id='word_1_193' title='bbox 827 2985 861 3051; x_wconf 82' lang='lat' dir='ltr'><strong>C.</strong></span> <span class='ocrx_word' id='word_1_194' title='bbox 881 2984 1049 3049; x_wconf 77' lang='lat' dir='ltr'><strong>devenerat.</strong></span> 
     </span>
    </p>

    <p class='ocr_par' dir='ltr' id='par_1_11' title="bbox 161 3084 1145 3277">
     <span class='ocr_line' id='line_1_27' title="bbox 161 3084 1145 3164; baseline 0.003 -19"><span class='ocrx_word' id='word_1_195' title='bbox 161 3085 196 3161; x_wconf 71' lang='lat'><strong>14</strong></span> <span class='ocrx_word' id='word_1_196' title='bbox 218 3087 334 3150; x_wconf 84' lang='lat' dir='ltr'><strong>Graeca</strong></span> <span class='ocrx_word' id='word_1_197' title='bbox 357 3094 576 3155; x_wconf 84' lang='lat' dir='ltr'><strong>terminatione.</strong></span> <span class='ocrx_word' id='word_1_198' title='bbox 597 3093 685 3155; x_wconf 79' lang='lat' dir='ltr'><strong>Amb.</strong></span> <span class='ocrx_word' id='word_1_199' title='bbox 709 3084 745 3155; x_wconf 45' lang='grc' dir='ltr'><strong>ἰα</strong></span> <span class='ocrx_word' id='word_1_200' title='bbox 766 3092 890 3161; x_wconf 75' lang='lat' dir='ltr'><strong>Arabes.</strong></span> <span class='ocrx_word' id='word_1_201' title='bbox 911 3093 995 3164; x_wconf 86' lang='lat' dir='ltr'><strong>Tum</strong></span> <span class='ocrx_word' id='word_1_202' title='bbox 1018 3090 1102 3152; x_wconf 90' lang='lat' dir='ltr'><strong>multi</strong></span> <span class='ocrx_word' id='word_1_203' title='bbox 1117 3087 1145 3148; x_wconf 88' lang='lat' dir='ltr'><strong>li-</strong></span> 
     </span>
     <span class='ocr_line' id='line_1_28' title="bbox 195 3192 650 3277; baseline 0.022 -26"><span class='ocrx_word' id='word_1_204' title='bbox 195 3192 246 3252; x_wconf 84' lang='lat' dir='ltr'><strong>bri</strong></span> <span class='ocrx_word' id='word_1_205' title='bbox 265 3196 296 3255; x_wconf 89' lang='lat' dir='ltr'><strong>in</strong></span> <span class='ocrx_word' id='word_1_206' title='bbox 314 3201 490 3277; x_wconf 80' lang='lat' dir='ltr'><strong>provincias.</strong></span> <span class='ocrx_word' id='word_1_207' title='bbox 645 3267 650 3277; x_wconf 52' lang='grc'><strong>,</strong></span> 
     </span>
    </p>

    <p class='ocr_par' dir='ltr' id='par_1_12' title="bbox 161 3294 1168 3496">
     <span class='ocr_line' id='line_1_29' title="bbox 161 3294 1168 3386; baseline 0.004 -28"><span class='ocrx_word' id='word_1_208' title='bbox 161 3297 197 3359; x_wconf 84' lang='grc' dir='ltr'><strong>ι5</strong></span> <span class='ocrx_word' id='word_1_209' title='bbox 218 3301 405 3365; x_wconf 80' lang='lat' dir='ltr'><strong>Assentando</strong></span> <span class='ocrx_word' id='word_1_210' title='bbox 426 3306 621 3386; x_wconf 77' lang='lat' dir='ltr'><strong>gratificatus.</strong></span> <span class='ocrx_word' id='word_1_211' title='bbox 644 3308 686 3371; x_wconf 90' lang='lat' dir='ltr'><strong>Vt</strong></span> <span class='ocrx_word' id='word_1_212' title='bbox 706 3308 787 3368; x_wconf 82' lang='lat' dir='ltr'><strong>enirn</strong></span> <span class='ocrx_word' id='word_1_213' title='bbox 807 3305 875 3367; x_wconf 80' lang='lat' dir='ltr'><strong>vele</strong></span> <span class='ocrx_word' id='word_1_214' title='bbox 894 3307 1024 3373; x_wconf 77' lang='lat' dir='ltr'><strong>navium</strong></span> <span class='ocrx_word' id='word_1_215' title='bbox 1033 3304 1076 3374; x_wconf 74' lang='lat' dir='ltr'><strong>ad</strong></span> <span class='ocrx_word' id='word_1_216' title='bbox 1088 3323 1146 3362; x_wconf 84' lang='lat' dir='ltr'><strong>ven·</strong></span> <span class='ocrx_word' id='word_1_217' title='bbox 1166 3294 1168 3302; x_wconf 59' lang='lat'><em>&#39;</em></span> 
     </span>
     <span class='ocr_line' id='line_1_30' title="bbox 196 3410 1147 3496; baseline 0.008 -31"><span class='ocrx_word' id='word_1_218' title='bbox 196 3416 300 3468; x_wconf 85' lang='lat' dir='ltr'><strong>torum</strong></span> <span class='ocrx_word' id='word_1_219' title='bbox 321 3410 537 3492; x_wconf 86' lang='lat' dir='ltr'><strong>adspirationes</strong></span> <span class='ocrx_word' id='word_1_220' title='bbox 558 3423 720 3496; x_wconf 80' lang='lat' dir='ltr'><strong>aptantur3</strong></span> <span class='ocrx_word' id='word_1_221' title='bbox 740 3415 782 3482; x_wconf 82' lang='lat' dir='ltr'><strong>sic</strong></span> <span class='ocrx_word' id='word_1_222' title='bbox 802 3414 973 3477; x_wconf 78' lang='lat' dir='ltr'><strong>orellonem</strong></span> <span class='ocrx_word' id='word_1_223' title='bbox 999 3433 1086 3495; x_wconf 84' lang='lat' dir='ltr'><strong>saepe</strong></span> <span class='ocrx_word' id='word_1_224' title='bbox 1102 3430 1147 3468; x_wconf 81' lang='lat' dir='ltr'><strong>no·</strong></span> 
     </span>
    </p>

    <p class='ocr_par' dir='ltr' id='par_1_13' title="bbox 145 3515 1146 3904">
     <span class='ocr_line' id='line_1_31' title="bbox 145 3515 1146 3590; baseline 0.023 -21"><span class='ocrx_word' id='word_1_225' title='bbox 145 3515 148 3520; x_wconf 79' lang='grc'><strong>’</strong></span> <span class='ocrx_word' id='word_1_226' title='bbox 201 3523 293 3574; x_wconf 85' lang='lat' dir='ltr'><strong>stram</strong></span> <span class='ocrx_word' id='word_1_227' title='bbox 318 3517 356 3577; x_wconf 88' lang='lat' dir='ltr'><strong>ad</strong></span> <span class='ocrx_word' id='word_1_228' title='bbox 380 3519 509 3581; x_wconf 86' lang='lat' dir='ltr'><strong>aliorum</strong></span> <span class='ocrx_word' id='word_1_229' title='bbox 535 3521 722 3583; x_wconf 85' lang='lat' dir='ltr'><strong>voluntatem</strong></span> <span class='ocrx_word' id='word_1_230' title='bbox 747 3518 1027 3590; x_wconf 63' lang='lat' dir='ltr'><strong>accommodam&amp;</strong></span> <span class='ocrx_word' id='word_1_231' title='bbox 1044 3519 1146 3588; x_wconf 56' lang='lat' dir='ltr'><strong>Manli</strong></span> 
     </span>
     <span class='ocr_line' id='line_1_32' title="bbox 201 3617 1145 3708; baseline 0.013 -30"><span class='ocrx_word' id='word_1_232' title='bbox 201 3617 251 3678; x_wconf 87' lang='lat' dir='ltr'><strong>Sic</strong></span> <span class='ocrx_word' id='word_1_233' title='bbox 269 3622 282 3680; x_wconf 96' lang='lat' dir='ltr'><strong>l</strong></span> <span class='ocrx_word' id='word_1_234' title='bbox 303 3625 335 3683; x_wconf 89' lang='lat' dir='ltr'><strong>in</strong></span> <span class='ocrx_word' id='word_1_235' title='bbox 356 3625 480 3686; x_wconf 87' lang='lat' dir='ltr'><strong>Rullum</strong></span> <span class='ocrx_word' id='word_1_236' title='bbox 501 3649 525 3688; x_wconf 76' lang='lat' dir='ltr'><strong>a</strong></span> <span class='ocrx_word' id='word_1_237' title='bbox 546 3628 598 3687; x_wconf 86' lang='lat' dir='ltr'><strong>ult</strong></span> <span class='ocrx_word' id='word_1_238' title='bbox 619 3628 723 3695; x_wconf 68' lang='grc' dir='ltr'><strong>Ιιοιιοιιο</strong></span> <span class='ocrx_word' id='word_1_239' title='bbox 740 3626 888 3708; x_wconf 43' lang='lat' dir='ltr'><strong>sentienti</strong></span> <span class='ocrx_word' id='word_1_240' title='bbox 901 3648 967 3692; x_wconf 77' lang='lat' dir='ltr'><strong>tun.</strong></span> <span class='ocrx_word' id='word_1_241' title='bbox 988 3625 1088 3689; x_wconf 77' lang='lat' dir='ltr'><strong>Alieni</strong></span> <span class='ocrx_word' id='word_1_242' title='bbox 1103 3641 1145 3680; x_wconf 64' lang='grc' dir='ltr'><strong>θῦ-</strong></span> 
     </span>
     <span class='ocr_line' id='line_1_33' title="bbox 199 3726 1142 3816; baseline 0.01 -31"><span class='ocrx_word' id='word_1_243' title='bbox 199 3735 259 3786; x_wconf 90' lang='lat' dir='ltr'><strong>tem</strong></span> <span class='ocrx_word' id='word_1_244' title='bbox 280 3729 412 3812; x_wconf 80' lang='lat' dir='ltr'><strong>intellige</strong></span> <span class='ocrx_word' id='word_1_245' title='bbox 426 3735 627 3816; x_wconf 50' lang='lat' dir='ltr'><strong>¹potissimum</strong></span> <span class='ocrx_word' id='word_1_246' title='bbox 647 3735 760 3796; x_wconf 74' lang='lat' dir='ltr'><strong>cessio.</strong></span> <span class='ocrx_word' id='word_1_247' title='bbox 781 3731 870 3795; x_wconf 78' lang='lat' dir='ltr'><strong>Amb.</strong></span> <span class='ocrx_word' id='word_1_248' title='bbox 896 3732 933 3794; x_wconf 88' lang='lat'><strong>15</strong></span> <span class='ocrx_word' id='word_1_249' title='bbox 953 3733 1028 3801; x_wconf 83' lang='lat' dir='ltr'><strong>belle</strong></span> <span class='ocrx_word' id='word_1_250' title='bbox 1045 3726 1142 3813; x_wconf 71' lang='lat' dir='ltr'><strong>grattfi·</strong></span> 
     </span>
     <span class='ocr_line' id='line_1_34' title="bbox 200 3837 883 3904; baseline 0.018 -16"><span class='ocrx_word' id='word_1_251' title='bbox 200 3845 294 3894; x_wconf 76' lang='lat' dir='ltr'><strong>caten.</strong></span> <span class='ocrx_word' id='word_1_252' title='bbox 315 3837 349 3898; x_wconf 94' lang='lat' dir='ltr'><strong>ln</strong></span> <span class='ocrx_word' id='word_1_253' title='bbox 369 3837 429 3900; x_wconf 84' lang='lat' dir='ltr'><strong>fine</strong></span> <span class='ocrx_word' id='word_1_254' title='bbox 450 3840 579 3904; x_wconf 86' lang='lat' dir='ltr'><strong>membri</strong></span> <span class='ocrx_word' id='word_1_255' title='bbox 601 3840 689 3902; x_wconf 83' lang='lat' dir='ltr'><strong>Amb.</strong></span> <span class='ocrx_word' id='word_1_256' title='bbox 710 3841 729 3901; x_wconf 85' lang='grc'>3</span> <span class='ocrx_word' id='word_1_257' title='bbox 750 3841 883 3901; x_wconf 80' lang='lat' dir='ltr'><strong>tacuisse.</strong></span> 
     </span>
    </p>
   </div>
   <div class='ocr_carea' id='block_1_7' title="bbox 0 0 1317 4852">
    <p class='ocr_par' dir='ltr' id='par_1_14' title="bbox 0 0 1317 4852">
     <span class='ocr_line' id='line_1_35' title="bbox 0 0 1317 4852; baseline 0 0"><span class='ocrx_word' id='word_1_258' title='bbox 0 0 1317 4852; x_wconf 95' lang='lat' dir='ltr'><strong> </strong></span> 
     </span>
    </p>
   </div>
  </div>
 </body>
</html>
