2616 4852
153 313 224 409 204
471 331 641 380 nrrsronr
667 331 832 380 ccxxvur.
875 299 878 305 ’
930 329 1106 390 nuum
1167 331 1170 339 ¹

286 561 341 612 Ser.
359 560 386 612 in
403 560 491 611 castris
508 559 539 610 nd
558 559 734 611 Pindenissum
752 559 784 611 Δ.
802 558 835 610 V.
855 557 884 611 C.
905 556 1016 624 DCCll,

539 654 598 711 ,ΧΠ
618 653 676 706 Kal.
695 653 750 707 lan.

467 851 610 917 CICERO
635 849 785 915 ATTICO
811 851 841 913 S.

208 1099 220 1143 ι
251 1067 514 1143 Saturnalibus¹
544 1093 645 1138 mane
672 1057 715 1138 se¹
734 1064 818 1137 mihi
840 1065 1063 1138 Pindenissac
1087 1065 1128 1136 de·

153 1196 333 1294 diderunt,
350 1196 499 1294 septimo
517 1206 553 1264 et
570 1191 835 1293 quadragesimo
854 1190 928 1289 die,
945 1184 1130 1293 postquam

153 1348 358 1424 oppugnare
384 1347 444 1393 eos
471 1321 658 1419 coepimus.
684 1319 757 1410 Qui
783 1317 974 1408 (malum2)
1001 1319 1056 1390 isti
1071 1320 1130 1392 Pin·
1175 1340 1178 1348 ·

154 1447 333 1521 denissael
359 1447 419 1548 qui
444 1445 547 1518 suntl
573 1445 725 1546 inquies:
752 1469 881 1516 nomen
907 1444 1028 1516 audivi
1052 1471 1132 1516 num·
1176 1540 1178 1553 Ι

154 1601 268 1676 quam.
294 1572 392 1665 Quid
417 1596 499 1669 ergo
527 1568 735 1657 [saciam]l³
762 1596 846 1642 num
864 1572 966 1670 potui
983 1569 1134 1668 Ciliciam,
1168 1622 1169 1629 κ

129 1697 347 1798 Aetoliam,
372 1712 432 1770 aut
457 1696 702 1770 Macedoniam
727 1695 895 1770 redderel
911 1684 998 1769 Hoc⁸
1017 1696 1135 1769 iamsic
1176 1742 1178 1747 -

154 1823 302 1924 habero,
334 1849 400 1896 nec
430 1823 498 1897 hoc
531 1824 684 1896 exercitu
710 1822 768 1894 hic
793 1836 891 1895 tanta
915 1823 1059 1921 negotia
1083 1821 1142 1920 geri

151 1952 317 2051 potuisse.
343 1952 444 2042 Quae
470 1947 672 2046 cognoscet
691 1952 721 2019 ἐν
738 1952 862 2042 ἐπιτομῇ
869 1977 877 2021 :
894 1949 944 2022 sic
963 1950 1057 2021 enim
1074 1972 1136 2020 con·
1174 2020 1178 2060 ,Ι

154 2076 251 2149 cedis
276 2076 361 2148 mihi
387 2076 555 2175 proximis
582 2074 700 2149 literis.
725 2076 906 2177 Ephesum
926 2088 968 2147 ut
984 2075 1136 2168 Venerin,

154 2202 352 2301 nostipqui
377 2201 482 2272 etiam
508 2200 593 2273 mihi
619 2201 809 2299 gratulatus
835 2227 871 2273 es
897 2198 989 2272 illius
1016 2200 1083 2272 diei
1097 2223 1136 2270 ce
1176 2216 1178 2239 ²

153 2324 353 2399 lebritatem
372 2328 404 2425 ⁵3
441 2353 508 2427 qua
545 2325 633 2399 nihil
668 2353 725 2400 me
763 2352 928 2428 umquam
968 2325 1137 2400 delectarit

107 2483 110 2486 ·
155 2452 276 2549 magis.
308 2449 396 2524 Inde
430 2451 570 2552 oppidis
596 2453 653 2550 iis,
686 2479 753 2553 qua
778 2453 885 2525 ieram
901 2455 928 2550 ⁶,
954 2436 1136 2524 mirabiliter

155 2578 309 2678 accepti,
334 2578 548 2651 Laodiceam
573 2560 686 2678 pridie
712 2578 789 2652 Kal.
816 2578 960 2651 Sextiles
986 2578 1135 2651 venimus.

153 2701 210 2776 Ibi
235 2705 362 2778 morati
386 2704 533 2776 biduum
566 2704 780 2804 perillustres
813 2704 957 2797 fuimus,
987 2703 1135 2778 honorifi-

154 2830 274 2931 cisque
299 2830 415 2903 verbis
442 2856 562 2904 ornnes
595 2831 736 2902 iniurias
769 2830 966 2904 revellimus
999 2830 1136 2930 superio·

154 2975 244 3028 rest.
272 2956 380 3046 Quod
405 2957 499 3029 idem
526 2957 607 3030 dein
624 2959 801 3056 Apameae
821 2958 974 3058 quinque
994 2957 1065 3029 dies
1080 2980 1136 3026 mo

153 3079 219 3149 rati
227 3135 237 3178 ‚
268 3081 444 3178 Synnadis
470 3082 642 3181 triduum,
667 3081 853 3155 Philomeli
880 3085 1035 3184 quinque
1060 3081 1137 3175 dies,

155 3216 191 3274 et
214 3204 326 3277 Iconii
352 3205 472 3280 decem
498 3208 642 3281 fecimus
660 3209 684 3279 l.
720 3207 815 3280 Nihil
848 3235 888 3280 ea
918 3207 1137 3281 iurisdictione

154 3327 384 3432 aequabilius,
418 3333 505 3407 nihil
541 3335 652 3408 lenius
659 3392 669 3434 7
702 3334 790 3407 nihil
823 3336 969 3433 gravius.
1003 3335 1086 3409 Inde
1110 3334 1138 3404 in

154 3458 301 3529 castras
326 3461 407 3532 veni
443 3488 471 3533 a.
499 3462 531 3535 d.
557 3463 627 3533 VII
653 3460 727 3532 Kal.
762 3461 961 3561 Septemb.3
989 3489 1017 3534 a.
1044 3461 1074 3533 d.
1097 3456 1138 3531 ΠΙ

154 3584 342 3657 exercitum
367 3586 512 3661 lustravi
538 3588 633 3688 apud
658 3588 827 3660 Iconium.
853 3590 909 3662 Ex
934 3589 988 3660 his
1015 3587 1142 3679 castris,

37 3771 39 3775 ,
155 3734 262 3807 quum
288 3737 408 3807 graves
443 3713 485 3786 de
518 3713 656 3787 Parthis
689 3714 802 3785 nuntii
828 3716 990 3788 venirent
1012 3731 1048 3812 ¹⁰,
1071 3736 1142 3811 per·

154 3834 227 3908 rexi
252 3835 288 3907 in
315 3838 472 3914 Ciliciam
506 3868 569 3940 per
601 3839 848 3941 Cappadociae
881 3856 1019 3941 partem
1054 3863 1169 3932 eam,
