2616 4852
167 304 240 402 416
532 326 801 380 Annorsrronns

206 434 238 494 ta
257 448 438 512 conpaginis,
457 429 615 504 dicuntur,
629 453 707 514 quac
720 431 812 493 modo
826 441 961 506 mature,
974 432 1064 495 modo
1075 435 1139 499 tarde

138 548 140 555 ⁴
203 539 324 610 finitur,
344 546 437 620 prout
456 535 573 619 plures,
594 538 645 610 vet
662 560 776 621 paucae
797 549 868 599 sunt
888 561 936 600 res
953 541 1108 622 gerendae,
1121 552 1140 603 et

202 655 295 726 prout
315 644 446 715 caelum,
466 654 497 703 et
516 645 600 725 regio
620 643 692 716 fert,
711 647 743 705 in
764 665 826 726 qun
844 643 962 706 beilum
982 649 1098 728 geritur.

167 771 200 812 ια
221 753 268 812 De
287 749 481 833 pontificatu,
502 770 592 831 quem
613 752 700 832 petiit
712 761 744 811 et
756 750 906 824 obtinuit,
924 763 1013 834 patre
1026 764 1141 827 mortuo,

200 869 235 917 ut
255 861 287 918 in
306 860 373 928 eius,
390 857 490 917 locum
516 839 740 939 subrogaretur.
768 858 815 946 Dc
834 868 922 940 patre
944 861 1054 920 mentio
1073 858 1141 919 titii

202 964 288 1023 Orat.
308 962 346 1023 de
368 962 498 1045 Harusp.
518 963 608 1046 Resp.
628 962 665 1038 63
685 962 723 1024 de
743 962 808 1024 filio
829 963 912 1046 apud
940 964 1068 1026 Dionem
1086 965 1141 1037 XL,

201 1069 251 1130 62.
265 1068 382 1130 Mansit.
396 1068 468 1129 Mox
484 1080 565 1130 recte
580 1069 733 1133 Victorius
752 1046 1034 1153 quumqucm5n1ss.
1047 1069 1141 1152 aliquot

198 1193 346 1258 quomque
365 1173 483 1257 difficili
499 1185 555 1236 etc.
575 1187 605 1236 et
625 1176 703 1261 infrp
722 1186 897 1238 nostrorum
910 1176 1050 1260 plerique
1067 1176 1140 1238 Tira-

199 1302 274 1344 som.

164 1391 198 1451 13
218 1390 312 1453 Abest
338 1391 406 1453 item
434 1388 474 1451 nb
504 1387 590 1451 Amb.
622 1401 692 1452 sext.
719 1390 803 1452 Infra
834 1390 984 1453 sccundus
1010 1390 1139 1475 quidpz‘cirn

93 1522 96 1527 ·
151 1547 153 1552 .
197 1497 268 1557 nuti
286 1506 341 1557 etc.

161 1604 197 1680 ¹4
216 1605 322 1682 Quum
342 1605 403 1662 inm
423 1602 537 1663 tribuni
557 1601 654 1684 piebis
679 1603 751 1664 iussi
770 1613 884 1677 essent,
904 1614 936 1665 et
956 1599 1052 1665 Curio
1078 1624 1137 1663 non-

195 1712 253 1770 nisi
282 1712 314 1770 in
344 1707 446 1771 locum
473 1709 606 1771 damnati
635 1709 731 1771 Servii
759 1709 873 1771 tribuni
898 1710 942 1792 pl.
969 1712 1138 1784 successerit

194 1838 241 1899 cp.
263 1817 374 1889 CCVI,
401 1838 425 1877 ι.
470 1805 474 1812 ’
579 1891 584 1902 .
659 1889 660 1893 ἵ

161 1921 196 1983 15
216 1921 325 1983 Ambb.
346 1933 407 1985 tres
432 1934 464 1984 et
488 1923 559 1988 Rec.
588 1934 648 1982 tum
674 1920 856 1984 adolescente
881 1935 913 1983 et
934 1923 1138 2003 gratiosissimo5
1168 1938 1172 1951 ¹

194 2030 245 2090 ulii
265 2051 294 2089 a.
314 2031 401 2091 etrum
419 2051 446 2110 g.
465 2028 569 2110 Vulgo
598 2041 660 2090 tum
681 2027 864 2091 adolescente
887 2049 915 2110 g.
936 2029 1074 2093 Correxit
1090 2033 1137 2091 iam

195 2134 314 2195 Schiitz.
957 2143 959 2146 ’

157 2240 193 2301 16
212 2241 478 2301 Sermticonrultum
497 2243 692 2320 recentiores3
703 2242 855 2316 ἅρχαικῶς·
878 2241 959 2303 sstud
975 2264 1012 2304 ex
1025 2242 1089 2323 edd
1100 2265 1136 2326 pr.

191 2347 316 2407 restitui.
337 2345 441 2427 Leges,
462 2368 539 2428 quae
561 2348 599 2408 de
612 2350 775 2432 provinciis
789 2350 919 2430 scriptae
940 2358 1021 2413 sunt
1036 2349 1135 2410 Emest

192 2453 242 2512 Sic
255 2452 294 2512 ad
307 2454 347 2512 M.
361 2454 538 2514 Marcellum
552 2474 611 2517 cos.
625 2477 671 2538 ep.
686 2455 833 2528 CCXVII,
850 2475 860 2515 1
874 2477 880 2515 :
895 2453 1018 2539 Ncqurd
1029 2455 1137 2518 accedat
1176 2464 1178 2477 '

192 2561 327 2643 temporis
345 2559 389 2621 od
405 2560 455 2633 id,
474 2561 557 2643 quod
576 2574 607 2621 ιιι
627 2562 698 2623 mitt
713 2575 742 2623 ct
760 2559 1026 2627 senatusconsulto
1045 2576 1072 2626 et
1087 2564 1134 2644 tege

184 2666 284 2746 finisti.
306 2667 392 2728 Amb.
415 2689 517 2731 omnes
538 2689 607 2730 cum
628 2669 699 2731 Rec.
721 2684 752 2732 ut
771 2683 843 2731 ets.
863 2683 893 2732 et
913 2671 997 2752 teges.

551 2955 742 3057 ccxxvur.

152 3220 161 3258 r
186 3201 264 3264 idest
284 3203 357 3263 XIV
369 3202 439 3264 Kal.
460 3205 577 3266 Ianuar.
598 3207 670 3268 Mox
690 3203 893 3279 Pmdentssau
907 3206 1026 3268 incolae
1040 3203 1128 3290 oppidi

184 3307 369 3383 Pindenissi,
389 3310 426 3371 de
447 3333 508 3393 quo
529 3313 616 3374 infra.
638 3313 717 3375 Hinc
738 3314 910 3375 Gronovius
930 3311 1127 3378 Pindemisuet',

184 3424 213 3472 et
233 3414 339 3475 Lamb.
360 3438 379 3476 c
401 3418 570 3480 Pitudenisso
584 3420 697 3503 oppido
711 3421 882 3482 faciendum
896 3420 1051 3482 contendit
1069 3417 1125 3479 Pii-

184 3519 336 3582 denissitac
347 3568 358 3596 ,
385 3526 467 3605 quod
494 3530 618 3609 vestigia
647 3529 794 3590 librorum
823 3530 951 3591 suadent
980 3529 1123 3610 legentium

185 3626 405 3704 studentium,
418 3634 467 3694 vel
483 3635 690 3697 Pindcntissae.
712 3631 794 3697 Tum
815 3631 903 3698 Amb.
928 3637 965 3697 16
984 3635 1122 3702 dederuut

183 3733 322 3815 idemque
349 3760 418 3800 curn
445 3742 509 3803 aliis
533 3754 563 3803 et
591 3743 656 3804 cdd.
684 3746 788 3828 priscis
814 3757 886 3827 sept.
912 3756 943 3805 et
962 3745 1117 3826 quidquod&

184 3840 255 3901 simo
273 3840 328 3904 dic.
845 3849 853 3863 ⁸
