2616 4852
178 363 244 457 164
503 385 675 434 xrrsroxa
701 386 825 433 cexxu.
947 381 1026 430 av.
1046 383 1073 428 c.
1093 393 1138 442 7⁰²

167 491 221 562 ius
237 489 265 538 ¹⁵
283 513 382 561 aures
400 485 446 559 ad
465 486 557 560 hauc
583 489 856 588 disputationem
880 497 1015 585 patent.
1032 484 1162 556 Romae

167 616 349 715 composui
376 613 546 713 edictum3
571 613 657 686 nihil
683 613 820 712 addidi,
836 612 904 684 nisi
929 610 1027 713 quod
1052 609 1163 711 publi·

167 743 245 813 cani
277 712 341 812 me·
365 755 552 839 rogarunt,
586 767 693 841 quum
728 739 870 812 Samum
896 737 1024 810 adme
1049 737 1161 810 venis·

166 882 261 966 sent,
279 883 319 940 ut
336 866 379 940 de
400 881 460 941 tuo
487 867 602 939 edicto
630 866 777 939 totidem
802 864 917 940 verbis
943 863 1161 936 transferrem

164 991 202 1062 in
228 1018 352 1064 meum.
378 993 647 1090 Diligentissime
672 993 841 1092 scriptum
859 1004 966 1090 caput
982 1003 1051 1088 est,
1068 987 1160 1099 quod

164 1118 318 1217 pertinet
343 1118 388 1190 ad
413 1118 622 1191 minuendos
648 1133 782 1190 sumtus
808 1110 1006 1190 civitatum:
1033 1115 1160 1216 quoin

105 1247 107 1250 ⁴
165 1245 281 1342 capite
306 1257 388 1316 sunt
412 1245 582 1345 quaedam
600 1269 710 1342 nova,
727 1244 888 1317 salutaria
906 1240 1161 1337 civitatibus¹⁶5

164 1369 289 1471 quibus
323 1397 386 1468 ego
423 1396 635 1470 magnopere
672 1369 836 1442 delector.
869 1370 948 1442 Hoc
981 1395 1090 1467 vero,
1122 1391 1162 1440 ex

163 1521 234 1595 quo
260 1499 411 1597 suspicio
438 1511 519 1570 nata
554 1510 625 1597 est,
658 1523 714 1569 me
746 1497 933 1597 exquisisse
953 1499 982 1560 1'7
1009 1491 1162 1594 aliquid,

60 1620 64 1625 ⁴
162 1621 200 1693 in
233 1648 302 1723 quo
336 1637 371 1695 te
404 1623 633 1722 offenderem,
667 1600 913 1696 translatitium
945 1634 1007 1693 est.
1040 1619 1161 1722 Neque

162 1748 254 1819 enim
281 1775 375 1822 eram
400 1764 473 1822 tam
499 1750 674 1850 desipiens
690 1752 729 1848 ¹⁸,
753 1763 792 1820 ut
815 1749 972 1849 privatae
989 1749 1041 1820 rei
1060 1770 1160 1818 causa

161 1872 267 1972 legari
292 1890 469 1975 putarem,
502 1878 560 1976 qui
594 1890 631 1948 et
655 1876 719 1948 tibi
745 1901 818 1947 non
842 1875 1006 1974 privato,
1035 1886 1073 1945 et
1097 1896 1160 1971 pro

159 2025 197 2070 re
222 2026 295 2072 non
320 2003 457 2101 privata
483 2029 562 2101 sua,
588 2000 650 2074 se'd
673 2001 833 2101 publica,
850 2027 923 2074 non
947 2000 985 2071 in
1010 2000 1160 2099 private,

160 2121 285 2197 sedin
311 2126 452 2225 publico
487 2127 580 2200 orbis
614 2141 724 2199 terrae
757 2126 902 2199 consilio
928 2123 996 2209 [id
1022 2137 1094 2223 est,
1124 2123 1158 2193 in

161 2264 353 2350 senatu]¹9,
374 2266 413 2324 ut
439 2253 565 2350 gratias
592 2267 751 2351 agerent,
775 2250 1020 2326 mittebantur:
1048 2241 1167 2350 neque*

160 2402 268 2476 quum
294 2376 385 2449 edixi
403 2394 445 2477 ²⁰,
477 2405 521 2450 ne
556 2379 632 2478 quis
659 2379 791 2450 iniussu
816 2376 1158 2477 meoproficiscere·

158 2515 233 2600 tur,
259 2502 389 2576 exclusi
414 2531 492 2603 eos,
524 2506 583 2605 qui
608 2531 665 2576 me
691 2506 729 2576 in
755 2518 885 2603 castra,
917 2516 953 2575 et
978 2504 1040 2603 qui
1065 2515 1157 2573 trans

157 2628 314 2702 Taurum
339 2632 502 2732 persequi
534 2657 607 2703 uon
639 2645 792 2730 possent.
827 2630 918 2704 Nam
943 2628 983 2701 id
1007 2642 1063 2701 est
1087 2652 1158 2698 ma·

157 2755 249 2827 xime
273 2758 310 2827 iu
337 2759 405 2829 tuis
430 2757 538 2830 literis
555 2757 772 2830 irridendum
785 2774 826 2829 21.
844 2756 941 2849 Quid
958 2756 1055 2827 euim
1072 2766 1158 2852 erat,

158 2882 255 2981 quod
271 2909 327 2954 me
345 2899 634 2985 persequerentur
651 2886 688 2955 iu
706 2883 1052 2980 castra,Taurumve
1069 2894 1158 2953 tran-

157 3008 282 3105 sirent,
310 3035 416 3109 quum
443 3037 506 3107 ego
532 3011 708 3083 Laodicea
727 3035 836 3109 usque
855 3007 900 3080 ad
916 3008 1079 3080 Iconium
1096 3009 1158 3079 iter

156 3132 205 3204 ita
238 3132 400 3232 fecerim,
433 3149 472 3206 ut
498 3163 553 3207 me
580 3137 737 3208 omnium
761 3134 900 3208 illarum
926 3134 1159 3252 dioecesium,

157 3284 245 3359 quae
272 3260 321 3330 eis
347 3260 503 3333 Taurum
529 3277 627 3360 sunt,
661 3263 889 3363 omniumque
916 3287 1037 3333 earum
1054 3275 1086 3308 ²²
1113 3259 1158 3331 ci-

154 3384 305 3458 vitatum
344 3390 564 3484 magistratus
601 3390 865 3490 legationesque
904 3384 1159 3462 convenirent?

77 3607 80 3611 ,
154 3510 344 3626 Nisiforte
371 3528 493 3612 postea
527 3531 720 3615 coeperunt
751 3517 865 3614 legare
883 3517 926 3614 ²³,
959 3541 1067 3616 quam
1096 3536 1159 3610 ego

155 3635 310 3709 Taurum
337 3645 569 3738 transgressus
595 3670 688 3714 sum:
708 3643 804 3743 quod
826 3656 922 3714 certe
939 3667 1015 3714 nou
1033 3642 1081 3712 ita
1099 3650 1162 3710 est.

154 3763 274 3854 Quum
307 3766 401 3837 euim
432 3769 644 3866 Laodiceae,
678 3796 787 3870 quum
820 3769 1018 3869 Apameae,
1051 3789 1169 3866 quum

153 3887 349 3989 Synnadis,
375 3920 483 3993 quum
507 3894 715 3994 Philomeli,
750 3921 860 3997 wquum
886 3894 998 3967 Iconii
1024 3913 1165 3984 essem3
