2616 4852
158 339 230 434 422
379 322 385 342 '
525 355 796 406 tunortrrouns

159 452 280 524 fenim
305 481 375 522 eum
403 459 551 541 designari
577 457 706 541 putabat
733 457 791 517 illis
811 455 914 517 verbis
941 457 1025 517 caua
1046 460 1149 520 auxilii

198 571 310 650 nragru's
331 590 400 628 usus
419 589 491 628 sum.
512 567 629 628 Verum
650 565 790 626 excidisse
809 567 922 626 rectius
943 565 1070 625 dixerim
1084 569 1148 626 ineu·

199 679 244 736 ria
265 675 400 746 librarii,
413 674 452 734 ab
467 673 654 735 antecedenti
667 672 831 752 diligentias
844 672 975 755 decepti.
996 672 1052 734 Illa
1065 685 1147 734 auten

198 786 281 844 cuius
305 784 427 845 auxiliis
453 793 509 842 ete.
529 781 683 842 subiunxit
711 781 833 854 Cicero,
853 791 890 840 ut
916 781 1147 842 consuetudinem

199 912 285 951 suam
307 911 376 950 cum
397 891 543 950 Deiotaro
572 888 719 949 indicaret
728 934 739 963 ,
758 887 851 969 idque
872 887 913 948 ad
934 888 1147 971 explicandum,

201 997 284 1080 quod
305 1001 457 1080 sequitur,
471 996 508 1058 de
523 995 728 1057 Ciceronibus.
748 998 796 1057 De
809 995 856 1056 his
870 994 909 1056 ad
924 1016 974 1078 ep.
989 995 1116 1069 CCXIV,
1126 998 1145 1055 3.

163 1104 203 1165 35
225 1105 344 1166 Scilicet
357 1104 396 1164 ab
408 1105 520 1188 Epiro,
532 1104 586 1164 ubi
600 1103 725 1187 praedia
739 1102 872 1164 habebat
886 1105 1020 1176 Atticus,
1032 1125 1078 1186 ep.
1091 1104 1115 1178 l,
1125 1125 1143 1183 7.

163 1210 202 1271 36
223 1211 390 1273 Alternum
410 1213 559 1271 Nicanore
573 1214 663 1271 Attici
685 1230 806 1282 servus,
819 1213 1022 1271 amanuensis.
1036 1212 1074 1270 At
1084 1231 1143 1271 meus

198 1319 308 1380 Alexis
329 1319 425 1391 infra,
438 1320 617 1400 intelligitur
637 1320 732 1391 Tiro,
753 1320 805 1400 qui
832 1317 916 1400 apud
938 1318 1105 1378 Ciceronem
1120 1316 1141 1375 id

200 1428 300 1508 ipsum
326 1447 437 1486 munus
464 1424 588 1499 obibat,
616 1426 699 1508 quod
726 1428 824 1488 Alexis
849 1425 934 1508 apud
960 1426 1143 1510 Pomponium!
1172 1472 1174 1483 .

201 1535 344 1594 Atticum.

160 1641 198 1720 37
220 1639 386 1722 Castigavit
405 1641 574 1714 Victorius3
594 1638 665 1700 libri
690 1642 828 1701 nonnulli
850 1640 993 1702 Phamao.
1012 1641 1137 1702 Victorius

199 1748 301 1809 locum
329 1751 420 1810 etiam
447 1749 625 1832 explanavit.
651 1746 795 1808 Phemius
822 1751 955 1810 cantoris
984 1769 1087 1809 nomen
1108 1758 1135 1806 est
1178 1724 1180 1729 Ι

200 1855 284 1938 apud
304 1855 429 1917 Homer.
455 1859 487 1916 in
515 1855 625 1938 Odyss.
646 1857 676 1928 l,
697 1857 772 1938 337,
797 1866 828 1917 et
850 1857 967 1917 Plutar.
994 1859 1026 1917 in
1052 1853 1134 1916 lina

200 1967 333 2040 musica3
347 1967 533 2046 poniturque
545 1984 604 2046 pro
625 1966 708 2024 omni
728 1966 844 2024 musico
858 1975 888 2024 et
902 1975 1039 2037 cantore,
1058 1983 1133 2045 quen-

148 2079 150 2083 ’
201 2071 367 2132 admodum
389 2082 420 2132 et
438 2071 521 2154 apud
541 2071 690 2131 Ovidium
710 2075 814 2132 Amor.
835 2072 895 2144 111,
917 2093 953 2152 7,
973 2070 1027 2132 61:

314 2231 387 2302 Quid
404 2232 477 2285 iuvat
494 2231 527 2283 ad
544 2229 633 2284 surdas
649 2232 671 2283 si
688 2241 775 2285 cantet
793 2231 915 2285 Phemius
934 2251 1017 2285 aures.

201 2393 303 2470 Quem
323 2403 427 2453 autem
446 2414 502 2476 per
522 2392 686 2455 Phemium
706 2394 854 2476 intelliget
874 2393 1038 2455 obscurum
1057 2401 1098 2452 est

163 2498 203 2560 38
222 2500 281 2583 Ep.
303 2500 388 2573 CCI,
411 2520 438 2562 2.

162 2608 201 2690 39
221 2608 291 2669 Vid.
305 2608 344 2668 ad
364 2631 411 2692 ep.
434 2576 615 2682 CCLV1‚6.
637 2611 713 2671 Rem
728 2566 923 2691 ignoramus.
934 2590 1082 2669 Pammeni
1097 2622 1130 2663 no·

199 2737 269 2776 men
292 2720 425 2776 occurrit
446 2720 477 2776 in
497 2718 592 2777 Bruto
607 2741 664 2801 97,
676 2729 706 2778 et
721 2718 807 2778 Orat.
823 2719 870 2778 30.
891 2717 980 2777 Libri
995 2717 1096 2796 aliquot
1104 2712 1130 2767 in·
1148 2722 1149 2725 ’

199 2824 317 2884 ferioris
337 2835 428 2885 notae
450 2826 627 2886 Pammenis.
650 2826 734 2886 Infra
748 2825 815 2886 edd.
828 2847 875 2907 pr.
890 2827 1004 2885 ratione
1016 2822 1130 2885 aretusa.

579 3067 745 3127 CCXXIX.

163 3273 173 3310 1
200 3252 249 3312 Sic
270 3257 301 3312 in
327 3253 499 3337 Orat.'pro
527 3255 619 3314 domo
647 3277 702 3314 sua
728 3276 753 3314 c.
774 3277 805 3337 9:
828 3252 946 3314 Literas
973 3257 1005 3315 iu
1029 3251 1129 3314 concur

199 3362 336 3431 recitasti,
361 3381 437 3443 quas
464 3363 517 3422 tili
534 3385 554 3422 a
578 3362 610 3422 C.
633 3363 760 3422 Caesare
786 3364 890 3422 missas
916 3361 1042 3423 diceres:
1066 3351 1128 3417 ClE·

200 3466 277 3527 SAR
297 3467 512 3542 PVLCHRO,
532 3493 624 3552 quum
643 3471 733 3529 etiam
752 3491 783 3528 es
802 3483 1036 3549 argumentatus,
1056 3457 1130 3526 amoni

199 3594 261 3633 esse
282 3575 337 3634 hoe
358 3579 486 3656 siguum,
506 3601 597 3660 qurum
624 3579 787 3638 nominihus
814 3583 929 3636 tantum
956 3587 1082 3644 uteretur,
1095 3583 1131 3625 ll·

200 3703 257 3763 que
290 3683 469 3745 adscriberet
493 3686 761 3757 PROCONSVL‚
789 3699 843 3745 aut
867 3685 974 3745 TRlB.
1001 3684 1054 3743 Pl..
1072 3670 1134 3738 Vidit

199 3789 354 3850 Victorius
375 3792 413 3852 ad
436 3815 482 3877 ep.
504 3794 715 3854 CCCLXXIII
739 3794 840 3872 (Fam.
862 3793 903 3864 V,
929 3795 990 3874 19).

160 3913 178 3953 2
201 3895 287 3956 Amb.
314 3898 349 3959 15
370 3913 452 3959 esset.
