2616 4852
511 334 599 384 suun
625 338 784 387 currens
1076 317 1142 392 521

154 467 158 477 ,
183 433 395 512 fitto'JCetiline
418 433 508 511 (nio,
535 435 584 492 lib.
613 436 786 513 XXXVII).
815 437 863 494 Mo
892 438 940 495 noi
958 439 1079 498 tenismo
1098 442 1150 499 che

184 539 282 605 questo
301 527 484 605 personeggio
503 527 594 604 voglio
614 548 705 586 essere
724 528 846 586 Lentulo
866 530 1009 607 Spintere‚
1031 531 1052 587 il
1069 532 1151 609 quale

185 639 232 677 ero
252 640 336 676 uomo
355 618 449 675 d’slto
468 618 574 690 auore,
602 639 649 677 ern
678 620 843 678 esleeioneto
863 621 916 678 elle
936 621 1030 680 buono
1049 643 1152 696 censs,

183 729 309 770 evenne
326 710 375 788 poi
392 710 422 767 in
445 721 520 767 tonte
549 712 639 788 grazia
669 712 698 769 di
728 712 863 770 Cicerone
892 713 1034 787 allambe,
1061 715 1150 773 sendo

182 803 312 875 console,
329 802 485 880 s’edoperrl
504 803 575 860 sorte
594 803 668 861 ende
687 805 730 861 fer
748 825 856 863 cessare
875 805 895 863 il
914 826 966 864 suo
985 806 1079 879 csilio,
1097 807 1151 865 che

186 895 281 952 Tullio
300 894 372 953 velle
390 896 532 952 mostrersi
551 908 650 974 grato,
670 916 703 968 e,
722 897 883 976 collegatosi
908 897 951 956 eo’
969 899 1032 956 suoi
1051 898 1151 970 amici,

183 987 243 1044 fece
260 986 384 1065 pretiche
403 987 476 1045 ende
495 988 584 1045 Romo
605 1006 737 1046 onoresse
762 990 827 1066 quel
853 989 988 1048 cittcdino
1007 1001 1152 1068 percerte

182 1077 364 1146 vitterieche
382 1091 494 1136 ottenne
513 1079 595 1136 alcun
614 1091 708 1157 tempo
728 1080 823 1158 dopo;
850 1080 878 1138 di
898 1081 950 1139 che
970 1082 1054 1139 fanno
1073 1081 1153 1139 testi-

182 1170 327 1229 monianze
346 1170 372 1227 le
389 1171 485 1248 parole
504 1171 598 1228 d’una
616 1172 714 1230 lettere
733 1173 902 1250 posteriore:
934 1177 979 1229 Tu
999 1176 1081 1231 velim
1100 1175 1152 1231 tibi

179 1263 373 1339 persuadeas,
387 1265 495 1320 nullam
512 1284 571 1321 rem
590 1284 652 1321 esse
671 1268 789 1321 nimiam
809 1285 883 1343 quae
901 1266 942 1322 ad
960 1276 986 1323 te
996 1270 1150 1343 pertineat,

182 1375 257 1432 quae
275 1355 347 1410 milri
371 1375 428 1412 non
456 1360 553 1413 carior
580 1360 619 1412 sit
646 1377 732 1434 quam
761 1377 841 1414 meae
859 1375 905 1414 res
932 1377 1045 1433 emnes5
1066 1359 1152 1436 idque

182 1468 268 1525 quum
287 1452 422 1521 sentiam,
442 1449 591 1506 sedulitate
610 1450 737 1506 mihimet
754 1452 815 1524 ipse
833 1450 1000 1524 satisfacere
1017 1470 1147 1526 possum,

180 1559 213 1596 re
231 1540 344 1616 quidem
372 1544 436 1614 ipsa
465 1540 529 1597 ideo
557 1541 628 1597 milti
656 1561 714 1597 non
742 1540 912 1614 sdtissacio,
941 1542 1020 1618 quod
1038 1545 1147 1599 nullam

178 1641 290 1706 partem
306 1641 416 1687 tuorum
435 1636 595 1689 meritorum
614 1651 672 1689 non
691 1631 774 1689 modo
794 1631 959 1707 reserenda,
978 1633 1030 1691 sed
1047 1654 1083 1690 ne
1101 1654 1149 1693 co·

181 1722 301 1796 gitanda
319 1723 433 1800 quidem
450 1729 545 1799 gratia
564 1728 700 1801 consequi
716 1743 841 1800 possum.

149 1813 183 1873 13
202 1814 361 1873 L’oscuriu
380 1816 409 1872 di
428 1830 525 1894 questo
544 1838 627 1895 passo
646 1839 705 1874 non
724 1819 741 1874 ἑ
758 1813 1078 1895 rischiorobile‚perche
1097 1819 1151 1876 s’i·

182 1927 268 1984 gnere
288 1908 383 1966 allatto
402 1908 448 1965 chi
467 1909 506 1966 sia
526 1921 624 1986 questo
644 1908 757 1967 console
777 1908 806 1964 di
826 1909 871 1966 cui
890 1908 966 1987 porla
987 1909 1133 1968 Cicerone.

148 2004 183 2069 ri
204 2001 234 2056 P.
255 2000 370 2074 Clodio,
387 2000 438 2058 che
457 2002 488 2058 su
507 2003 601 2061 ucci'so
620 2001 656 2058 da
675 2001 796 2074 Milone,
814 2021 893 2059 corne
912 2021 1006 2078 ognun
1026 2022 1066 2058 sa.

150 2092 186 2150 15
204 2092 284 2150 Oltre
312 2113 351 2150 un
375 2114 490 2171 poema,
515 2114 531 2150 e
555 2105 636 2152 cento
662 2094 731 2151 altre
757 2113 822 2151 cose
840 2093 876 2150 de
897 2095 1053 2149 Consulatu
1072 2112 1151 2168 meo,

184 2184 317 2242 Cicerone
346 2186 444 2242 scrisse
468 2186 556 2243 anche
586 2187 654 2263 certi
679 2185 879 2244 Commentarii
893 2185 933 2242 in
955 2184 1050 2263 lingua
1069 2204 1152 2262 grece

183 2277 280 2352 (Vedi
299 2277 326 2333 la
344 2277 402 2334 lest.
421 2279 552 2356 XXVI).

148 2369 184 2426 ιδ
203 2371 307 2439 Questa
325 2370 467 2446 provincia
487 2391 532 2428 era
552 2371 579 2427 ln
598 2371 705 2443 Gallia,
730 2370 802 2427 defle
828 2370 909 2448 quale
933 2371 1013 2427 toccrl
1035 2390 1050 2426 e
1071 2369 1153 2427 Cice·

183 2479 253 2517 rone
270 2460 291 2516 il
309 2481 432 2538 governo
461 2462 537 2540 dopo
561 2462 582 2518 il
610 2482 662 2520 suo
692 2461 849 2529 consoloto;
875 2481 890 2517 e
915 2481 932 2517 e
953 2460 995 2517 ser
1013 2461 1106 2519 velere
1120 2460 1153 2516 'la

154 2598 157 2603 .
184 2553 340 2630 generositi
358 2553 405 2611 del
423 2573 475 2612 suo
494 2555 602 2627 riliuto,
616 2555 691 2612 dice:
706 2564 835 2611 ornatam
845 2557 1032 2629 provinciam.
1044 2584 1082 2597 —-
1097 2556 1152 2610 Or-

182 2663 253 2700 nare
270 2648 447 2719 provinciam
465 2646 626 2723 significavit
645 2658 760 2703 mettere
785 2645 814 2701 in
838 2664 921 2701 meno
947 2643 977 2699 di
996 2642 1042 2700 chi
1061 2642 1151 2702 dovee

183 2735 288 2792 andare
307 2758 322 2793 a
342 2738 504 2813 governarla
523 2751 596 2796 tutto
625 2738 691 2816 quel
716 2736 833 2795 corredo
858 2736 888 2791 di
907 2747 1003 2813 gente,
1022 2734 1152 2806 (Parme,

123 2853 128 2864 ·
185 2826 333 2884 d⁷oflicinli
353 2829 440 2901 civili,
467 2843 538 2888 tutta
567 2831 593 2887 ln
619 2829 763 2901 solmeria,
782 2848 797 2885 e
816 2838 983 2905 soprettutto
1006 2825 1027 2883 il
1048 2825 1153 2883 denero

184 2932 358 2988 occorrentc;
378 2922 402 2978 sl
420 2922 486 2978 fatte
505 2941 569 2980 cose
594 2942 652 2979 non
679 2922 703 2978 si
728 2933 895 2978 ottenevano
920 2917 972 2974 che
991 2937 1007 2973 s
1026 2929 1117 2975 stento
1137 2937 1153 2974 e

185 3010 261 3088 dopo
279 3011 383 3089 lunghc
401 3012 539 3089 pretiche:
560 3014 634 3071 onde
654 3033 700 3072 ere
720 3013 794 3070 bello
814 3011 834 3068 il
852 3023 934 3089 poter
945 3009 1020 3067 dire:
1032 3010 1155 3084 Neglexi

183 3107 361 3178 prouinciam
380 3115 526 3161 ornatam:
555 3106 597 3162 Lo
623 3105 726 3162 riliutai
745 3117 852 3162 mentre
881 3122 948 3162 evea
973 3102 1017 3179 gin
1041 3112 1113 3157 tutto
1132 3098 1154 3155 il

186 3196 303 3253 conredo
337 3195 517 3273 bisognevole
548 3217 600 3274 per
631 3197 755 3256 endervi
787 3197 811 3252 E
842 3207 940 3273 questo
971 3213 1023 3251 suo
1054 3190 1153 3249 merito

187 3288 240 3364 egli
259 3287 332 3345 ebbe
351 3308 417 3345 cura
443 3288 472 3344 di
501 3290 571 3347 serlo
600 3289 693 3347 valere
712 3309 807 3367 spesse
826 3288 895 3344 sltre
913 3286 1008 3359 volte,
1031 3283 1154 3343 comesi

185 3379 256 3438 vede
274 3380 346 3437 nelle
365 3379 461 3437 lettere
480 3381 517 3437 ad
535 3380 646 3452 Attico,
670 3401 686 3438 e
711 3392 879 3458 soprattutto
898 3377 964 3436 nell'
974 3376 1103 3434 oracione
1122 3377 1155 3430 in

185 3474 332 3547 Pisonem,
353 3472 426 3530 dove
446 3472 519 3529 disse
551 3485 649 3550 queste
673 3472 787 3549 parole:
812 3473 993 3528 Provinciam
1013 3469 1153 3539 Galliam,

187 3569 308 3623 Senatus
326 3569 510 3640 auctoritate,
536 3569 663 3623 caercitu
689 3574 717 3621 et
733 3567 857 3640 pecunia
878 3566 1042 3619 instructam
1061 3568 1089 3615 et
1106 3576 1155 3613 or·

186 3669 281 3715 natam
291 3697 301 3732 ,
323 3662 352 3714 ἰη
371 3660 506 3713 concione
525 3657 660 3732 deposui,
680 3659 850 3714 reclamante
868 3654 971 3731 popule
991 3656 1127 3707 Romano.

155 3764 185 3827 17
205 3749 285 3807 Parle
304 3748 531 3826 dell’eugurato,
558 3748 585 3807 le
615 3748 680 3825 quel
704 3748 794 3806 carica
814 3747 875 3804 dice
895 3765 942 3803 ore
963 3742 992 3799 di
1010 3737 1071 3798 non¹
1087 3757 1153 3799 ever

188 3841 361 3912 desiderata5
381 3863 425 3900 rna
445 3843 471 3903 le
491 3841 621 3904 desidera
640 3861 789 3920 appresso,
808 3861 823 3901 e
842 3839 861 3898 l’
874 3850 987 3899 ottenue
1016 3830 1153 3894 entrendo
