2616 4852
247 310 313 385 152
594 326 764 378 aristone
790 327 883 374 ccxx.
1018 321 1049 372 t.
1067 325 1102 373 v.
1121 327 1148 372 c.
1170 313 1216 386 μοι·

242 439 341 528 Quae
368 433 411 505 de
437 431 664 504 Tarentinist
691 433 729 503 in
754 429 876 502 militia
900 424 1080 526 laboravi,
1110 453 1152 500 ea
1179 427 1262 501 tib'n

241 576 338 660 grata
364 586 438 632 esse
465 557 608 657 gaudeo.

291 685 313 762 5
331 686 439 781 Quod
457 684 578 758 scribis
594 683 725 758 libente
745 697 779 754 te
797 681 972 782 repulsam
989 662 1111 752 tulisse
1129 680 1252 777 euml,

241 814 301 915 qui
327 838 406 884 cum
431 812 558 883 sororis
584 823 663 882 tuae
689 808 749 880 filii
774 821 902 907 patruo
929 818 1095 879 certaret:
1124 807 1251 903 magni

241 939 369 1012 amoris
395 940 539 1036 signum.
564 938 686 1037 Itaque
711 961 768 1007 me
801 935 907 1007 etiam
941 928 1179 1029 admonuisti,
1204 946 1243 1004 ut

241 1063 435 1162 gauderem.
453 1064 544 1136 Nam
560 1063 647 1135 mibi
663 1064 701 1135 in
720 1076 874 1135 mentem
895 1085 969 1133 non
986 1074 1141 1134 venerat.
1161 1058 1236 1134 Non

241 1190 364 1289 credo,
388 1169 511 1291 inquis.
538 1191 589 1263 Vt
613 1190 720 1288 libet3
747 1189 810 1261 sed
835 1188 939 1289 plane
959 1187 1127 1286 gaudeo5
1155 1211 1234 1286 quo·

240 1317 334 1390 niam
359 1322 391 1387 to'
417 1329 543 1410 νεμεσᾷν
568 1317 712 1389 interest
737 1326 789 1386 τοῦ
816 1321 941 1400 φθονεῖν
958 1333 983 1385 9.

659 1701 821 1774 CCXXI.
991 1734 1175 1796 (nante-xv,
1189 1735 1214 1791 ι)

240 1877 457 1959 Argumentum.
478 1879 602 1939 Nuntiat
621 1878 807 1939 Parthorum
828 1896 952 1958 magnas
973 1877 1075 1956 copias
1096 1870 1234 1955 Euphra-

277 1997 338 2047 tem
359 1989 484 2046 transire
505 1989 651 2068 coepisse,
665 1996 695 2045 et
708 1988 798 2068 petit,
812 1995 846 2043 ut
860 1992 980 2043 senatus
995 1984 1145 2041 maiorem
1160 2000 1234 2039 exer·

277 2095 369 2153 citum
391 2091 557 2174 depellendi
578 2093 704 2173 periculi
726 2113 816 2152 eausa
837 2092 945 2168 mittat.

339 2295 393 2347 Ser.
412 2297 439 2347 in
457 2297 545 2348 Cilicia
557 2298 586 2348 Α.
602 2297 635 2349 V.
650 2297 678 2349 C.
696 2296 805 2364 DCCll,
826 2314 912 2348 meme
929 2297 999 2366 Sept.
1017 2302 1138 2347 exeunte.
1262 2310 1264 2314 ·

286 2503 329 2566 Μ.
355 2505 524 2570 TVLLIVS
548 2505 591 2568 M.
616 2506 647 2568 F.
673 2506 816 2570 CICERO
842 2505 1007 2571 PROCOS.
1033 2505 1064 2566 S.
1089 2504 1123 2565 P.
1149 2504 1187 2566 D.

356 2621 463 2686 COSS.
487 2622 655 2687 PRAETT.
682 2624 806 2686 TRIBB.
832 2624 890 2687 PL.
917 2622 1118 2686 SENATVI¹

284 2835 316 2906 S.
335 2835 379 2910 V.
396 2837 441 2910 V.
457 2840 496 2910 Β.
514 2840 555 2911 Ε.
574 2840 615 2911 E.
635 2840 677 2929 Q.
698 2838 776 2910 V.²
802 2838 880 2910 Etsi
912 2862 986 2909 non
1020 2834 1126 2908 dubie
1152 2834 1237 2906 mibi

233 2961 483 3062 nuntiabatur,
521 2963 672 3036 Parthos
705 2964 869 3035 transisse
901 2961 1124 3062 Euphratem
1160 2987 1239 3033 cum

234 3084 398 3158 omnibus
432 3088 502 3159 fere
536 3091 606 3161 suis
641 3091 772 3187 copiis:
808 3103 943 3186 tamen⁷
971 3087 1067 3188 quod
1093 3087 1240 3160 arbitra-

231 3207 313 3309 bar,
339 3238 360 3282 a
385 3213 432 3283 M.
457 3213 585 3286 Bibulo
612 3214 823 3314 proconsule
858 3215 1005 3286 certiora
1035 3214 1079 3286 de
1105 3213 1161 3287 bis
1186 3239 1239 3286 re·

232 3333 298 3406 bus
334 3336 380 3408 ad
413 3364 477 3411 vos
512 3340 617 3411 scribi
650 3366 772 3440 posse,
810 3340 1006 3412 statuebam
1043 3341 1134 3412 milri
1167 3365 1239 3412 non

231 3485 374 3534 neeesse
400 3489 475 3537 esse
501 3466 673 3565 publice3
699 3468 850 3540 scribere
876 3493 935 3565 ea,
965 3492 1054 3567 quae
1082 3466 1127 3538 de
1154 3466 1239 3539 alte·

232 3587 304 3659 rius
339 3592 522 3688 provincia
561 3595 812 3666 nuntiarentur.
850 3596 978 3666 Postea
1016 3617 1101 3665 vero
1135 3619 1238 3692 quam

233 3713 431 3815 certissimis
459 3719 678 3819 auctoribus7
703 3720 841 3818 legatis,
862 3719 1013 3817 nuntiis,
1030 3717 1143 3813 literis
1161 3745 1238 3790 sum

231 3840 359 3915 certior
381 3818 511 3917 lactus:
537 3845 593 3922 vel
620 3846 717 3949 quod
743 3859 839 3920 tanta
866 3873 920 3919 res
947 3857 1039 3942 erat,
1056 3842 1114 3917 vel
1141 3842 1238 3945 quod
