2616 4852
164 349 238 446 244
460 365 633 421 rrrsrors
658 365 851 421 ccxxxrur.
948 367 1030 419 nv:
1051 369 1080 417 c.
1098 369 1145 429 ‚oa

164 499 341 580 girumque
366 498 488 548 eorum
513 475 724 576 equitatum,
741 475 803 575 qui
825 474 864 545 in
882 471 1045 547 Ciliciam
1064 489 1169 550 trans-

162 603 264 704 isset,
298 601 343 675 ab
377 603 536 703 equitum
561 626 721 674 meorum
746 601 870 675 turmis
876 655 888 700 ,
915 614 952 674 et
971 623 998 674 ‘a
1026 603 1169 677 cohorte

157 718 339 834 [praetoria
358 730 400 828 ¹⁸,
426 754 515 830 qliae
541 740 616 801 erat
639 728 870 829 Epiphaneae
899 728 1069 830 praesidii
1095 756 1171 804 eau-

163 884 218 958 sa,
242 855 430 930 occidione
456 855 612 928 occisum
629 870 668 926 ¹9.
686 855 805 948 Quare
831 880 941 956 quum
965 854 1171 958 viderem,a

163 982 393 1084 Cappadocia
418 981 632 1056 Parthorum
657 982 777 1081 copias
803 1007 962 1084 aversas,
977 1008 1052 1057 non
1067 982 1170 1082 longe

163 1135 183 1181 a
210 1109 339 1182 finibus
366 1135 440 1182 esse
465 1109 624 1183 Ciliciae:
658 1135 764 1210 quam
794 1110 895 1210 potui
926 1111 1090 1197 maximis
1114 1111 1184 1191 iti—

162 1236 304 1308 neribus
330 1235 377 1308 ad
401 1237 578 1310 Amanum
603 1237 793 1308 exercitum
820 1235 913 1308 duxi.
938 1237 1023 1328 Quo
1049 1251 1092 1309 ut
1112 1263 1201 1343 ye-

161 1361 222 1461 ni,
254 1361 393 1435 hostem
426 1361 471 1435 ab
502 1362 692 1436 Antiochia
725 1364 907 1435 recessisse
929 1379 972 1463 ²⁰,
1003 1363 1192 1446 Bibulum

162 1488 374 1561 Antiochiae
400 1515 474 1564 esse
500 1491 666 1588 cognovi,
683 1489 957 1591 Deiotammque
976 1490 1175 1593 corrfestim,

161 1614 233 1688 iam
259 1615 305 1689 ad
330 1643 387 1688 me
413 1617 613 1689 venientem
640 1642 721 1688 cum
746 1641 875 1716 magno
900 1630 936 1688 et
954 1617 1060 1713 firmo
1079 1620 1167 1720 equi-

134 1755 239 1837 ⁴tatu
264 1756 300 1815 et
324 1744 509 1843 peditatu,
547 1757 583 1815 et
619 1768 700 1815 cum
737 1728 909 1816 omnibus
939 1745 1012 1817 suis
1038 1746 1159 1846 copiis,

162 1870 348 1944 certiorem
373 1869 458 1970 leci,
483 1894 558 1941 non
582 1868 698 1943 videri
723 1894 798 1942 esse
817 1845 977 1970 causam,
994 1897 1058 1968 cur
1076 1870 1156 1944 abes

162 2009 217 2069 set
242 2022 263 2068 a
287 2021 413 2095 regno,
447 2021 574 2097 meque
600 1996 769 2093 adeum,
803 1997 832 2068 si
857 1997 944 2097 quid
967 1999 1057 2071 novi
1081 1997 1154 2077 forte

161 2121 363 2221 accidisset,
389 2125 508 2195 statim
533 2122 651 2194 literas
676 2124 887 2224 nuntiosque
912 2124 1099 2197 missurum
1115 2150 1153 2196 es

160 2273 206 2320 se.
235 2249 424 2349 Quumque
451 2274 493 2322 eo
520 2249 639 2321 animo
664 2240 856 2349 venissem,
873 2264 914 2322 ut
930 2252 1072 2354 utrique
1088 2277 1153 2352 pro

161 2374 299 2448 vinciae
317 2391 359 2473 ²¹,
384 2376 414 2447 si
438 2377 487 2447 ita
510 2390 650 2475 tempus
676 2375 797 2477 ferret,
822 2376 1063 2452 subvenirem:
1091 2393 1154 2453 tum

116 2535 117 2538 ¹
160 2499 219 2599 id,
253 2500 446 2602 quodiam
472 2515 553 2575 ante
586 2515 794 2602 statueram,
825 2503 1054 2578 vehementer
1077 2507 1153 2578 inte·

156 2653 251 2703 resse
276 2629 457 2730 utriusque
490 2630 717 2730 provinciae,
750 2656 877 2731 pacare
902 2633 1100 2733 Amanum,
1125 2645 1177 2704 et

157 2768 369 2855 perpetuum
406 2755 546 2829 hostem
580 2783 691 2829 exeo
725 2773 859 2831 monte.
880 2758 1026 2858 tollere,
1065 2785 1153 2860 agere

155 2884 301 2981 perrexi.
329 2885 518 2984 Quumque
543 2910 599 2956 me
627 2883 810 2957 discedere.
832 2885 877 2956 ab
903 2911 946 2959 eo
971 2902 1093 2961 moute
1116 2886 1153 2959 si·

70 3035 73 3039 ’
156 3007 362 3106 mulassem,
395 3023 431 3080 et
465 3008 548 3082 alias
574 3024 693 3108 partes
719 3010 861 3084 Ciliciae
887 2998 1029 3114 petere,
1065 3013 1152 3087 abes·

156 3159 301 3233 semque
328 3134 372 3206 ab
398 3136 536 3208 Amano
561 3138 628 3210 iter
656 3139 756 3210 unius
778 3137 865 3238 diei,
882 3153 918 3210 et
936 3154 1051 3213 castra
1070 3137 1153 3242 apud

154 3259 403 3405 Epiphanpam
428 3261 601 3335 fecissem:
636 3291 664 3336 a.
692 3265 723 3336 d.
752 3279 916 3367 quartum
941 3267 1028 3340 Idus
1055 3270 1153 3341 Octo·

152 3385 251 3486 bres,
263 3479 265 3484 ,
278 3384 387 3488 quum
413 3372 736 3491 advesperasceret,
752 3393 917 3491 expedito
943 3396 1097 3468 exercitu
1112 3393 1153 3464 ita

152 3524 263 3583 noctu
288 3514 355 3586 iter
379 3515 467 3614 leci,
503 3532 597 3589 uta.
626 3517 657 3589 d.
685 3521 827 3591 tertium
853 3519 938 3592 Idus
966 3520 1156 3615 Octobres,

143 3664 263 3738 quum
287 3638 487 3741 lucisceret,
512 3645 549 3716 in
575 3647 750 3718 Amanum
779 3647 1023 3748 ascenderem,
1051 3645 1162 3719 distri-

152 3764 316 3866 butisque
343 3768 548 3842 cohortibus
574 3786 610 3843 et
636 3772 787 3869 auxiliis,
814 3800 922 3874 quum
941 3773 1017 3847 aliis
1035 3776 1075 3865 Q.
1093 3772 1180 3843 sra-

153 3905 229 3992 ter,
251 3891 420 3995 legatus,
453 3923 592 3971 mecum
618 3858 749 3998 simul}
776 3899 851 3974 aliis
877 3902 914 3975 C.
938 3899 1126 4005 Pomtinius
1170 3950 1192 3985 a
