2616 4852
179 309 254 440 ³76!
502 357 673 406 enrsrona
699 356 839 404 ccxxur.
953 352 985 403 a.
1004 357 1147 421 ιαμ

168 461 362 536 Admiraris
389 461 585 531 amentiam.
612 461 725 531 Immo
752 457 837 558 quid
855 457 885 528 si
904 458 1067 532 actiones
1092 460 1166 532 stul·
1195 493 1198 502 ¹

169 588 320 660 tissimas
334 643 344 684 ,
382 585 467 686 quid
507 586 535 657 si
569 584 714 657 nefarias
750 585 857 684 patris
878 600 907 648 ¹9
940 585 1167 660 confessione

171 710 347 787 audisses?
372 712 482 783 Mittit
506 711 544 782 in
569 707 754 784 consilium
771 726 801 758 ²⁰
829 700 974 783 eosdem
1000 711 1099 810 illos,
1119 736 1166 813 qu

170 839 249 912 lites
275 838 497 911 aestimarant
510 854 551 934 ²¹,
573 838 713 909 iudices.
741 838 861 928 Quum
887 863 1002 938 aequo
1029 821 1164 911 ndmero

172 964 364 1038 sententiae
401 963 566 1061 fuissent,
603 963 824 1061 Laterensis,
859 959 950 1060 leges
989 964 1164 1062 ignorans,

168 1089 427 1190 pronuntiavit,
454 1087 551 1189 quod
575 1088 699 1186 singuli
725 1088 865 1161 ordines
890 1087 1161 1161 iudicassent22:

172 1228 208 1287 et
246 1214 292 1286 ad
329 1229 544 1312 extremum,
581 1229 621 1286 ut
658 1213 793 1288 solent:
827 1216 920 1287 Nou
957 1217 1116 1314 redigam
1130 1217 1160 1285 ²³.
1182 1211 1198 1323 Ἰ

61 1388 64 1399 ‹
170 1342 363 1442 Postquam
390 1340 567 1438 discessit,
593 1354 628 1412 et
652 1367 718 1441 pro
746 1340 905 1414 absoluto
923 1341 1100 1414 Servilius·
1115 1341 1160 1412 ha·
1190 1369 1193 1377 ·

170 1465 245 1538 beri
278 1480 442 1566 coeptus7
473 1465 628 1567 legisque
662 1493 771 1539 unum
801 1482 836 1539 et
861 1469 1092 1540 centesimum
1114 1493 1159 1539 ca·
1196 1522 1198 1529 .

170 1606 237 1692 put
261 1592 366 1690 legit,
391 1595 428 1662 in
454 1617 524 1692 quo
550 1593 598 1663 ita
624 1606 712 1664 erat:
740 1618 835 1679 Qvon
862 1618 986 1666 aoavru
1015 1616 1154 1667 ivnrcvu
1195 1574 1198 1649 l

169 1741 285 1791 muron
319 1741 404 1790 nans
438 1741 643 1815 murentur,
676 1745 712 1789 in
747 1746 804 1792 ivs
839 1741 1038 1804 ntrvuovu
1063 1743 1156 1792 asro:
1189 1718 1198 1783 ὖ

169 1846 207 1917 in
232 1844 367 1917 tabulas
394 1843 592 1917 absolutum
618 1870 692 1916 non
718 1844 857 1941 retulit,
887 1845 1057 1918 ordinum
1079 1820 1182 1917 iudi-¹

169 1971 222 2043 cia
247 1972 451 2070 perscripsit
469 1969 509 2040 ²4.
543 1970 747 2043 Postulante
779 1997 897 2043 rursus
922 1962 1061 2070 Appio,
1090 1996 1155 2043 cum
1184 2008 1187 2013 ·

165 2098 204 2167 L.
230 2094 344 2168 Lollio
371 2096 538 2192 transegit
555 2097 597 2193 ²⁵,
629 2110 665 2167 et
697 2123 734 2168 se
759 2095 950 2199 relaturum
980 2097 1078 2169 dixit.
1108 2095 1154 2167 Sic
1187 2110 1198 2211 g

165 2246 260 2292 nunc
286 2246 400 2320 neque
426 2220 624 2320 absolutus,
649 2247 762 2321 neque
789 2221 974 2294 damnatus
992 2220 1154 2319 Servilius,

170 2345 213 2417 de
238 2346 441 2446 repetundis
475 2348 611 2418 saucius
630 2351 661 2398 ²⁶
686 2347 777 2420 Pilio
810 2346 976 2420 tradetur.
1007 2348 1096 2422 Nam
1113 2346 1152 2420 ¹dc
1191 2352 1198 2389 ²

167 2470 383 2544 divinatione
408 2474 544 2572 Appius
562 2489 604 2571 2⁷,
629 2500 737 2574 quum
763 2472 974 2545 calumniam
1000 2475 1150 2571 iurasset,

162 2597 378 2670 contendere
416 2625 518 2670 ausus
554 2624 628 2671 non
664 2613 736 2696 est,
771 2599 931 2699 Pilioque
970 2602 1092 2673 cessit:
1123 2609 1150 2670 et
1186 2574 1198 2647 ⁵·-

57 2722 61 2727 ’
161 2718 237 2823 ipse
263 2725 307 2796 de
332 2726 492 2824 pecuniis
519 2725 721 2824 repetundis
748 2751 768 2797 a
795 2724 946 2798 Serviliis
973 2739 1029 2798 est
1045 2738 1148 2826 postu-

159 2850 272 2949 latus,
309 2866 346 2923 et
365 2865 558 2951 ‚praeterea
593 2851 637 2923 de
669 2853 706 2924 vi
739 2877 818 2924 reus
849 2877 868 2922 a
906 2851 1063 2952 quodam
1097 2873 1147 2924 suo

161 2979 338 3049 emissario
356 2980 401 3074 2⁸,
432 2979 575 3074 Tettio,
606 2977 717 3049 factus
750 2990 811 3049 est.
851 2978 958 3050 Recte
997 2978 1066 3052 hoc
1097 3000 1147 3076 par

69 3086 70 3091 ἵ
161 3101 277 3175 hahet.
893 3081 897 3089 ι

210 3229 366 3320 3Quod
405 3230 450 3302 ad
487 3258 560 3302 rem
597 3233 774 3331 publicam
805 3234 978 3333 pertinet,
1018 3233 1145 3306 omnino

159 3354 277 3428 multis
304 3355 442 3454 diebus,
478 3361 736 3457 exspectatione
763 3359 956 3433 Galliarum
973 3376 1017 3457 29,
1043 3352 1144 3431 actum

158 3479 246 3551 nihil
271 3495 333 3583 est.
358 3481 557 3583 Aliquando
584 3497 701 3557 tamen
727 3512 830 3586 saepe
853 3511 890 3557 re
909 3484 1016 3576 dilata
1035 3499 1070 3556 et
1085 3506 1146 3582 gra·
1194 3538 1198 3549 .

157 3606 249 3678 viter
273 3622 371 3707 acta,
398 3624 440 3689 et
472 3609 575 3708 plane
605 3626 791 3711 perspecta
817 3613 880 3682 Cn.
906 3611 1070 3709 Pompeii
1093 3632 1144 3682 vc

154 3729 288 3804 luntate
314 3735 350 3805 in
376 3751 633 3841 campartem,
657 3752 696 3809 ut
723 3765 803 3812 eum
822 3741 850 3786 ³⁰
881 3737 1146 3835 decedere-,post

55 3889 57 3894 ·
150 3856 326 3933 Kalendas
354 3862 496 3934 Martias
524 3862 692 3962 placeret:
730 3879 869 3937 senatus
897 3864 1094 3937 consultum
1111 3862 1151 3951 ³¹,
