2616 4852
164 344 236 439 246
362 316 368 327 Ι
471 360 643 412 uersa-ota
668 316 860 413 ccxxxrnr.
950 363 1032 414 nv.
1051 365 1138 426 cqc

162 471 312 569 legatus,
337 464 478 568 reliquis
505 467 551 537 M.
577 466 751 565 Anneius,
776 481 813 538 et
838 469 876 538 L.
903 467 1041 541 Tullius
1060 485 1102 569 ²²,
1121 470 1161 543 le-

163 597 235 697 gati
259 607 477 697 praeessent:
507 593 694 695 plerosque
719 619 786 666 nec
812 595 999 695 opinantes
1027 623 1160 697 oppres-

149 724 289 823 simus,
314 721 375 824 qni
401 721 507 803 occisi
535 721 699 823 captique
734 735 840 820 sunt,
873 723 1054 796 interclusi
1075 711 1157 824 luga

160 850 317 923 Eranam
351 860 493 948 autem,
531 872 621 948 quae
659 845 725 918 luit
758 873 830 920 non
861 850 933 923 vici
959 849 1086 950 instar,
1110 850 1158 924 sed

161 977 276 1074 urbis,
293 972 391 1076 quod
416 988 492 1048 erat
517 974 646 1046 Amani
672 989 797 1075 caput,
815 975 971 1077 itemque
989 977 1157 1079 Sepyram,
1184 1050 1186 1055 ,

161 1118 199 1177 et
214 1102 471 1201 Commorin²³,
483 1102 610 1176 acriter
626 1115 663 1174 et
680 1101 742 1176 diu
757 1103 1054 1203 repugnantibus,
1069 1106 1156 1178 Pom-

161 1231 251 1304 tinio
274 1229 371 1303 illam
396 1242 535 1330 partem
551 1229 680 1302 Amani
705 1243 866 1329 tenente,
891 1255 935 1303 ex
962 1230 1156 1337 antelucano
1189 1302 1191 1309 ,

161 1370 340 1458 ternpore,
365 1382 477 1457 usque
503 1355 550 1428 ad
574 1354 701 1430 horam
727 1356 797 1430 diei
823 1357 1021 1458 decimam,
1046 1384 1153 1456 magna
1189 1332 1191 1345 Ι

159 1483 386 1557 multitudine
410 1482 567 1557 hostium
593 1484 728 1583 occisa',
753 1484 933 1585 cepimus,
961 1484 1174 1587 castellaque*

161 1637 222 1684 sex
248 1623 375 1712 capta,
409 1609 591 1710 complura
628 1610 859 1685 incendimus.
890 1611 960 1684 His
994 1611 1096 1685 rebus
1117 1612 1152 1685 ita¹

160 1724 282 1839 gestis,
309 1752 422 1812 castra
448 1737 486 1810 in
511 1735 690 1811 radicibus
707 1738 836 1810 Amani
861 1737 1050 1811 habuimus
1074 1716 1151 1847 april¹

158 1867 248 1940 Aras
259 1863 492 1939 Alexandri²l
505 1864 749 1966 quatriduum,
766 1865 856 1938 etin
872 1864 1028 1967 reliquiis
1045 1848 1149 1969 Amani

162 1991 337 2091 delendis,
354 1993 514 2091 agrisque
531 1991 729 2092 vastandis,
740 2017 831 2093 quae
847 2018 931 2092 pars
947 1992 1023 2066 eius
1040 1992 1163 2095 montit-

56 2141 59 2147 ·
131 2143 258 2202 ¹meae
283 2119 489 2218 provinciae
514 2130 589 2217 est,
611 2116 657 2191 id*
676 2132 817 2219 tempus
843 2144 949 2192 omne
975 2119 1148 2203 consumar

158 2270 245 2317 mus.
273 2243 453 2318 Confectis
478 2243 533 2318 his
565 2245 695 2346 rebus,
730 2245 777 2318 ad
802 2245 976 2347 oppidum
1000 2245 1149 2320 Eleutte

158 2370 359 2472 iocilicum,
382 2369 648 2470 Pindenissum,
681 2371 873 2445 exercitum
899 2370 1050 2472 adduxi,
1073 2362 1155 2475 quod

159 2474 268 2598 quum
293 2511 386 2571 esset
411 2498 582 2571 altissimo
608 2511 645 2570 et
668 2498 905 2572 munitissimo
930 2497 1032 2599 locO,
1049 2475 1146 2599 ab'iii·

157 2650 226 2725 que
251 2624 480 2725 incoleretur,
505 2626 566 2727 qui
591 2651 636 2698 ne
661 2624 802 2723 regibus
828 2625 972 2726 quidem
999 2596 1146 2733 umquag-

155 2753 371 2852 paruissent,
397 2766 568 2854 quumet
591 2753 758 2850 fugitivos
783 2754 999 2852 reciperent,
1026 2767 1063 2830 et
1084 2752 1141 2839 Pau

157 2877 300 2951 thorum
326 2879 519 2954 adventum
546 2881 714 2952 acerrime
740 2893 1002 2979 exspectarent:
1028 2878 1074 2954 ad
1124 2878 1130 2892 '

156 3004 394 3082 etimationem
433 3007 572 3107 imperii
613 3008 789 3110 pertinere
833 3005 1023 3080 arbitratus
1061 3029 1122 3080 sun

155 3369 277 3457 nostro
289 3441 300 3484 ,
332 3386 581 3485 frangerentur.
609 3388 715 3462 Vallo
745 3402 782 3460 et
805 3387 898 3461 fossa
926 3384 1123 3462 circumdedi

81 3560 83 3566 ι
154 3534 215 3581 sex
241 3512 408 3614 castellis,
435 3516 626 3616 castrisque
651 3516 811 3588 maximis
838 3517 946 3616 sepsi,
965 3542 1095 3614 aggere,
1123 3511 1127 3524 '

153 3636 245 3735 neis,
270 3639 424 3712 turribus
450 3644 669 3742 oppugnavi,
693 3669 846 3743 ususque
870 3644 1057 3715 tormentis
1078 3635 1135 3712 mul

152 3762 211 3861 tis,
228 3764 347 3838 multis
373 3769 578 3868 sagittariis,
594 3794 722 3867 magno
739 3768 860 3840 labore
877 3795 958 3841 meo
967 3825 977 3866 ,
995 3771 1071 3842 sine
1091 3762 1124 3837 ull

151 3889 312 3965 molestia
339 3909 501 3973 sumtuve
526 3896 731 3996 sociorum,
767 3897 920 3995 septimo
947 3898 1098 3999 quinqua
