2616 4852
513 361 549 407 ru
577 358 764 407 rursronss
1060 336 1132 428 l¹3

178 462 223 523 dit
243 461 323 521 enim
344 459 457 520 statim:
479 459 581 520 balbus
599 462 759 521 enimsum.
782 457 866 519 Vidit
880 457 1041 519 Victorius.
1063 461 1133 521 Mss.

177 567 217 627 dc
238 567 341 639 nihilo,
361 565 444 647 quod
464 565 616 627 Manutius
637 569 753 648 primus
773 567 804 626 in
825 564 863 625 de
881 564 983 637 Hillo,
1001 576 1035 626 ut
1055 566 1135 627 edidi

179 694 249 733 cum
271 670 411 733 omnibus
431 672 492 734 lere
512 673 581 736 VV.
602 675 687 746 DD.,
706 672 815 734 Guliel.
828 671 896 732 dein
909 671 1008 745 Hills,
1028 683 1062 734 ut
1081 672 1135 733 dc-

179 780 226 840 dit
253 779 409 842 Ernestius
430 790 459 839 et
478 801 576 862 nuper
603 781 701 852 Clen,
721 779 897 840 Benedictus
924 778 962 840 de
989 779 1040 841 illo
1067 801 1135 841 mu-

179 896 292 947 tarunt.

140 994 167 1070 4.
180 992 275 1071 Quod
293 1011 355 1053 non
375 992 572 1076 perferantur.
593 992 734 1055 Mis-Ett

140 1097 160 1156 5
179 1098 230 1159 Sic
250 1099 342 1172 ludit,
362 1103 433 1181 quia
453 1103 588 1182 sequitur
615 1121 675 1160 rem
702 1111 731 1160 et
758 1097 867 1160 redis:
890 1101 975 1181 quasi
996 1097 1078 1160 balbi
1100 1098 1139 1158 ad

178 1227 245 1266 rem
265 1205 363 1266 redire
383 1217 530 1279 metuant,
551 1206 633 1287 quod
646 1208 843 1289 pronuntiare
859 1226 921 1266 non
935 1207 1058 1287 possint.
1079 1205 1137 1266 Te-

178 1322 254 1372 rent.
277 1311 403 1394 Adelph.
426 1315 470 1384 ll,
496 1335 523 1384 r,
546 1314 572 1373 3.
593 1314 621 1373 Ι.
642 1313 693 1373 Fr.
717 1311 842 1373 Gronov.

143 1416 248 1478 6Hoc
269 1419 396 1479 refertur
416 1419 455 1479 ad
481 1421 510 1478 id
517 1464 527 1492 ,
548 1419 630 1502 quod
658 1420 774 1480 Caelius
800 1440 846 1500 ep.
872 1418 952 1479 CCX
976 1419 1039 1479 init.
1064 1419 1137 1479 scri·

176 1535 295 1606 pserat:
318 1524 352 1585 Si
370 1527 424 1587 too
443 1525 592 1588 nwdcrari
600 1547 765 1607 possemus,
786 1536 1018 1608 ut—quontum
1028 1524 1139 1604 glomite

177 1633 382 1714 triurnpltoque
406 1655 480 1716 opus
505 1646 579 1694 esset
603 1632 954 1715 assequeremur-nihil
978 1644 1038 1692 tam
1066 1642 1140 1691 esset

176 1737 352 1818 optandum.
373 1738 492 1802 Schiitr.

142 1864 155 1921 7
176 1844 340 1905 Sociorum
354 1846 551 1929 populorum,
576 1847 651 1907 idest
672 1844 866 1918 Galatarum,
878 1842 1063 1916 Pisidarum,
1075 1843 1138 1923 Ly-

176 1951 313 2021 ciorum,
331 1971 408 2031 quos
427 1954 563 2014 nominat
576 1973 621 2033 ep.
636 1952 801 2023 CCLXIX,
822 1971 848 2010 a.
869 1950 944 2010 Nam
958 1951 1137 2010 Deiotarum

176 2076 251 2115 cum
273 2055 413 2117 omnibus
434 2060 493 2118 suis
522 2060 616 2139 copiis
643 2057 772 2118 adeum
793 2058 961 2118 venientem
982 2057 1137 2116 certiorem

176 2163 288 2224 Cicero
308 2163 394 2237 lecit,
415 2185 473 2226 non
493 2164 584 2225 videri
601 2185 662 2224 esse
682 2185 818 2237 causam,
838 2184 892 2224 cur
915 2163 1027 2223 abesset
1048 2181 1069 2222 a
1090 2181 1137 2221 re·
1261 2179 1263 2185 ·

172 2291 255 2349 ἔπος
280 2269 362 2351 quod
388 2270 427 2332 ad
452 2271 597 2333 Catonem
624 2251 728 2335 scribit
754 2292 801 2353 ep.
830 2269 1056 2340 CCXXXVIII,
1085 2288 1095 2327 1
1120 2282 1139 2327 a

175 2376 259 2436 med.
280 2377 397 2437 Manat.
417 2378 493 2438 Rem
515 2378 623 2439 diserte
636 2388 740 2438 narrat
753 2381 843 2439 etiam
858 2399 925 2459 epp.
945 2376 1091 2448 CCXXII,
1105 2375 1139 2450 33

148 2483 381 2556 *CCXXVIIL
407 2505 429 2544 ι.
451 2485 535 2544 Olim
564 2486 724 2546 exercitum
751 2483 883 2557 abduxi,
911 2483 975 2544 Pal.
1002 2503 1058 2543 sec.
1085 2480 1139 2542 de·

175 2587 277 2662 duxi,
296 2588 356 2650 Zel.
378 2592 403 2650 Α
424 2589 508 2652 duxi.

131 2691 213 2759 8'1n
234 2715 289 2757 ore
308 2699 444 2758 omnium
464 2707 517 2758 est
540 2697 601 2780 Qui
619 2698 735 2768 urbem,
755 2698 886 2756 servavit
898 2693 938 2755 ab
951 2693 1065 2754 insidiis
1079 2692 1138 2753 Ca-

176 2802 299 2875 tilinae,
325 2824 412 2886 quem
439 2803 581 2878 Senatus,
600 2804 720 2865 decreto
740 2802 876 2864 laudavit
895 2799 1137 2862 honorificentis·
1242 2855 1246 2865 ,

176 2911 267 2970 simo.
287 2909 373 2972 Vidit
392 2910 554 2971 Manutius.

133 3036 156 3098 9
168 3014 216 3078 Vt
229 3015 270 3076 ad
283 3016 404 3097 Syriam
419 3016 458 3077 ab
472 3039 532 3078 una
545 3028 640 3098 parte,
655 3017 694 3078 ad
706 3018 841 3078 Ciliciam
853 3014 893 3075 ab
906 3015 999 3076 altera
1010 3014 1140 3096 pertine-

176 3131 241 3194 ret,
255 3121 454 3185 delluentibus
466 3127 552 3205 aquis
565 3124 752 3185 distributus.
772 3123 822 3184 Sic
839 3144 886 3204 ep.
907 3121 1098 3192 CCXXVlll,
1116 3140 1139 3178 r.
1245 3193 1247 3201 J

176 3227 299 3290 Manut.
319 3229 420 3312 Supra
439 3231 563 3303 Bibulo,
585 3231 691 3312 Syriae
704 3230 901 3314 proconsule3
916 3229 994 3288 inira
1009 3225 1140 3296 Cassius,

176 3333 250 3394 vide
276 3337 362 3416 epist.
390 3357 454 3418 sup.
483 3339 546 3397 init.
568 3336 741 3409 Antroelsia,
762 3335 839 3396 urbe
860 3335 967 3416 Syriae
988 3334 1138 3416 principe.

177 3460 225 3522 ep.
247 3441 386 3515 CCXIV,
410 3463 431 3502 r.
454 3443 564 3523 Vulgo
578 3445 750 3506 Antiochea.
774 3443 940 3516 Reiecerat,
961 3440 1027 3499 vide
1054 3439 1139 3521 epist.

178 3546 376 3619 CCXrXVlll,
401 3571 424 3608 r.

146 3673 178 3713 ιο
198 3653 326 3713 Certum
351 3652 484 3715 hostium
511 3677 670 3716 numerum
698 3676 761 3716 esse
788 3657 938 3736 oportuit,
965 3673 1026 3734 quo
1053 3668 1138 3710 caeso

179 3761 373 3841 imperatoris
393 3781 503 3821 nomen
525 3773 784 3843 consequerentur.
811 3760 928 3822 Monut.
954 3758 1003 3817 Sic
1022 3754 1140 3815 ircsussi-

178 3887 243 3927 mus
264 3867 426 3947 triumphus
443 3867 552 3929 dicitur
573 3889 619 3950 cp.
640 3867 760 3940 DCLV,
782 3869 801 3928 3
821 3877 850 3928 et
872 3869 951 3928 iusto
970 3865 1070 3925 itinero
1091 3881 1138 3942 ep3
1233 3894 1240 3907 ·

178 3972 361 4044 CLXXXV,
386 3994 408 4032 1.
