2616 4852
521 323 558 370 1u
586 319 775 371 nrrsronrs
1074 299 1142 394 4η

150 424 187 487 16
205 425 279 485 Duo
292 420 435 484 Consules
450 421 504 503 (nd
516 444 565 505 ep.
577 423 724 496 CCXVII,
738 425 774 502 ι).
787 420 859 482 Ideo
869 421 945 483 >dixit
959 417 1149 505 suprnjm'lril

184 535 237 613 agi
251 551 338 615 posse
359 551 390 591 se
410 529 512 592 videre
532 540 601 591 ante
621 552 694 591 coss.
714 550 820 591 novos.
841 530 876 589 ln
897 529 943 590 ed.
964 529 1086 592 Graevii
1104 541 1149 591 est

186 639 319 700 Servium
323 660 335 712 ,·
354 640 454 699 nescIo
475 659 535 720 qua
555 640 741 699 auctoritate.
762 637 866 698 Potest
882 636 924 696 nd
937 637 1014 697 nosti
1025 636 1150 708 referri,

184 757 222 806 ut
241 747 360 807 monuit
374 745 546 820 Erucium,
566 744 619 807 sed
638 747 737 828 potuit
761 746 852 806 etiam
867 746 992 815 ,versure
1012 754 1147 810 constru-

184 857 317 916 ctionem
338 854 453 914 Cicero.

149 982 182 1041 ¹7
203 961 289 1023 Idem
310 961 456 1022 Graevius
477 959 529 1020 hos
541 980 603 1021 esse
617 979 652 1020 ex
666 961 852 1020 correctione
873 957 999 1034 Rutiliir,
1019 956 1072 1019 sed
1093 958 1146 1017 lios

183 1070 208 1128 si
229 1068 360 1129 refertur
380 1067 418 1131 nd
437 1068 585 1139 eonsules,
602 1069 741 1150 Ineptum
761 1077 820 1139 est,
840 1067 864 1126 si
886 1065 925 1126 ad
939 1065 1029 1137 alios,
1042 1067 1145 1126 nescio

182 1178 237 1258 qui
260 1178 326 1236 sine
347 1175 407 1236 Nos
425 1176 481 1236 lsoc
502 1196 571 1236 cum
581 1175 732 1247 ,Erneslio
752 1175 946 1245 retinuimus,
960 1182 990 1234 et
1003 1171 1144 1254 explunn-

181 1302 268 1342 mus:
289 1280 457 1342 cuiusmodi
476 1291 565 1363 pules
578 1280 638 1341 hoc
651 1282 806 1362 negotium
819 1278 857 1339 de
870 1280 1057 1340 successione
1070 1298 1145 1360 pro-

160 1372 161 1376 *
182 1390 352 1447 vinciarum
373 1387 523 1458 futurum,
542 1397 596 1448 aut
616 1387 770 1468 quomodo
785 1385 850 1447 fieri
872 1388 996 1468 poterit,
1017 1395 1051 1445 ut
1070 1405 1144 1444 oon-

181 1493 264 1554 snles
283 1492 444 1554 conficiant
463 1493 510 1566 id,
530 1493 612 1574 quod
642 1495 758 1566 nolint,
778 1495 802 1553 si
823 1491 874 1566 id,
894 1491 978 1574 quod
998 1493 1144 1573 cupiunt,

180 1599 294 1680 frigide
315 1601 428 1682 agunt?
764 1651 768 1658 .

143 1705 180 1768 18
200 1705 255 1765 Sic
276 1705 362 1768 Amb.
387 1704 423 1766 15
442 1716 472 1767 et
491 1705 558 1767 edd.
579 1727 683 1771 omues
703 1716 792 1778 vett,
812 1716 955 1787 quaeest
975 1703 1071 1765 formu
1093 1704 1142 1764 Ci-
1216 1719 1218 1723 ’

178 1815 285 1873 ceroni
306 1811 461 1873 tralaticia.
481 1812 583 1893 Vulgo
603 1815 647 1873 rin
667 1827 765 1874 aulem
786 1833 845 1872 non
866 1813 926 1873 erit.

141 1940 180 2002 ¹9
202 1918 375 1980 Tribunum
403 1918 499 2000 plebis
525 1919 729 2001 designatum,
748 1941 795 2002 ep.
816 1918 1002 1990 CCXXVII,
1026 1939 1037 1978 1
1061 1919 1143 1979 etin

176 2035 243 2085 noe
266 2024 371 2108 adep.
393 2025 553 2098 CCXXIII,
571 2027 600 2103 4.
621 2027 703 2086 lnlru
724 2027 805 2086 Men.
833 2025 938 2085 Lamb.
965 2022 1085 2095 demde,
1113 2036 1145 2083 ut

177 2129 310 2214 aliquid,
329 2141 359 2192 et
379 2130 502 2191 inferius
522 2131 642 2213 quodvis
661 2152 691 2214 q.
712 2143 730 2191 l.
751 2131 962 2192 munusculum.

134 2256 176 2298 πο
197 2236 324 2296 Paullus
344 2237 486 2298 Aemilius
515 2259 573 2298 cos.
599 2237 770 2319 designatus
793 2239 860 2320 (ep.
881 2237 1052 2316 CCXVIII)
1075 2258 1139 2298 non

177 2343 311 2425 relinqui
330 2342 402 2405 vult,
417 2344 762 2427 Ceeseriproviueiem,
782 2344 858 2406 dure
884 2344 1029 2405 adversus
1056 2344 1142 2405 illum

130 2492 136 2500 -
176 2449 324 2530 loquitur.
346 2449 453 2511 cellar.
473 2449 536 2511 Pro
554 2471 644 2532 porro
664 2451 768 2512 malim
788 2450 873 2533 quud
892 2451 1062 2523 nostrilere
1077 2473 1142 2512 om-

175 2577 232 2617 nes
252 2567 283 2617 et
301 2554 368 2617 edd.
389 2558 445 2618 Ro.
466 2557 548 2619 Med.
569 2556 683 2619 habent
701 2578 827 2641 qrwque.
899 2637 901 2642 y

135 2683 173 2722 21
200 2661 356 2722 Tribunus
377 2663 433 2745 pl.‚
453 2685 500 2746 ep.
523 2664 656 2737 CCXIV,
678 2685 695 2725 2
716 2676 789 2726 extr.

134 2788 175 2827 22
199 2769 275 2828 Tres
296 2768 405 2830 Ambb.
426 2771 497 2834 Ree.
518 2782 549 2832 et
568 2771 635 2831 edu
657 2771 737 2832 Med.
759 2772 832 2833 Min.
853 2793 912 2833 non
932 2785 1018 2839 corto
1030 2791 1125 2832 cerno.

136 2876 176 2934 23
199 2874 297 2934 Multo
318 2879 462 2957 temporis
482 2897 646 2959 progressu
668 2877 803 2941 occidere
817 2900 885 2941 ¹uon
905 2881 1043 2960 preerIsn
1069 2897 1141 2958 pos-

174 2992 266 3053 sunt,
293 2983 448 3065 multoque
474 3005 557 3044 secus
585 2987 776 3066 contingere,
802 3007 895 3068 quam
920 2985 1140 3068 praedisposito

173 3099 271 3148 erent.
299 3088 358 3176 Sic
377 3087 488 3151 Schiilz
513 3112 547 3152 ex
572 3093 638 3152 Asc.
665 3114 675 3152 1
701 3103 731 3152 et
757 3093 837 3154 Med.
863 3093 910 3153 Illi
933 3091 1142 3173 ‹suffingentur

172 3203 350 3255 nostrorum
372 3207 518 3277 quatuor,
538 3199 609 3259 Ree.
631 3210 662 3260 et
681 3198 749 3260 edd.
770 3199 843 3260 run.
863 3211 894 3261 et
912 3199 1141 3269 summoue,

170 3299 306 3380 legentes
325 3313 355 3362 et
370 3326 403 3384 p.
423 3317 537 3364 oculare
551 3316 578 3364 te
591 3308 651 3367 solo
663 3307 835 3390 perspicere.
856 3306 939 3368 Belle
957 3305 1138 3389 respondent

173 3426 258 3487 seqq.
285 3427 485 3492 quaecumque
511 3410 679 3474 occiderint.
700 3411 810 3476 nmbb.
833 3434 868 3486 2,
888 3434 925 3475 ¹12
944 3425 977 3475 et
997 3412 1063 3474 edd.
1083 3411 1139 3471 Ro.
1262 3451 1265 3455 -

172 3511 249 3572 lens.
270 3526 300 3574 et
321 3528 504 3596 praeparato
533 3507 637 3580 multu¹
651 3541 713 3581 erse
738 3522 815 3592 scio‚·
831 3531 868 3580 ut
894 3520 1007 3602 vulgo,
1027 3521 1051 3579 si
1078 3539 1140 3581 esse

131 3627 135 3633 '
174 3616 288 3681 demus.

138 3722 271 3800 24Edd.
292 3725 373 3788 Men.
395 3740 424 3790 et
444 3731 552 3792 Lamb.
574 3735 637 3794 sine
657 3731 716 3806 ud‚·
742 3737 853 3795 rectius
880 3735 1013 3795 forensse.
1035 3734 1138 3795 Actio-

173 3851 226 3892 nes
249 3831 395 3910 Curuae,
416 3838 528 3901 scilicet
549 3840 643 3903 Curio
664 3852 733 3922 aget
752 3844 859 3914 etiem,
879 3853 912 3903 ut
926 3863 998 3925 ager
1011 3840 1139 3922 Campu-
