2616 4852
168 353 235 454 196
492 373 658 423 nrrsroaa
684 374 818 421 ccxxvi.
936 371 966 418 n.
986 374 1019 421 v.
1038 367 1066 418 c.
1086 384 1134 433 7⁰2

160 479 304 552 nostris:
323 501 404 575 ergo
421 477 468 548 ita
494 475 629 550 accidit.
645 475 736 549 Nam
761 472 925 548 Parthico
949 473 1046 548 bello
1073 501 1161 548 nun·

159 606 264 704 tiato,
280 603 437 677 locorum
457 601 665 704 quibusdam
682 601 848 699 angustiis
866 614 902 672 et
917 615 1043 674 natura
1062 627 1160 675 mon·

160 733 248 803 tium
272 730 398 828 fretus,
414 727 460 802 ad
476 730 650 801 Amanum
674 727 1045 826 exercitum'adduxi,
1077 729 1159 801 satis

160 857 270 957 probe
297 868 460 929 ornatum
488 855 621 927 auxiliis
644 874 669 953 7,
702 868 737 926 et
763 852 915 954 quadam
948 855 1158 926 auctoritate

160 982 256 1083 apud
287 1008 368 1080 eos,
401 982 460 1083 qui
486 1008 541 1053 me
567 1007 639 1054 uon
673 993 819 1078 norant,
852 980 1004 1051 nominis
1037 980 1157 1051 nostri.

159 1107 311 1179 Multum
335 1109 421 1180 est⁸
446 1109 537 1179 enim
565 1108 601 1178 in
627 1104 681 1178 bis
707 1105 808 1179 locis:
831 1106 982 1177 Hiccine
1007 1120 1062 1176 est
1086 1105 1158 1190 ille,

159 1237 225 1334 qui
260 1231 405 1318 urbem,
447 1259 552 1334 qzcem
586 1247 732 1304 serratus
751 1288 757 1302 .
777 1289 783 1303 .
802 1288 809 1302 .
829 1232 869 1304 .?
905 1233 1000 1304 nosti
1034 1245 1157 1304 cetera.

159 1360 279 1449 Quum
304 1360 473 1432 venissem
500 1359 545 1430 ad
573 1360 761 1458 Amanum,
779 1359 837 1459 qui
856 1384 956 1429 mons
974 1356 1060 1429 milri
1079 1384 1156 1429 cum
1187 1388 1192 1395 ·

157 1483 284 1557 Bibulo
311 1485 504 1557 communis
522 1499 590 1582 est,
609 1485 739 1557 divisus
765 1510 933 1584 aquarum
960 1483 1119 1555 divortiis
1133 1501 1157 1581 a,

71 1694 73 1701 Ι
159 1610 298 1683 Cassius
323 1625 443 1684 noster
469 1610 587 1713 (quod
612 1610 698 1683 milri
715 1636 860 1709 magnae
879 1609 1052 1710 voluptati
1072 1609 1156 1698 suit)

132 1734 303 1809 ,feliciter
334 1737 377 1808 ab
409 1737 596 1810 Antiochia
630 1737 770 1810 hostem
803 1737 977 1809 reiecerat.
1011 1716 1155 1808 Bibulus

158 1863 375 1960 provinciam
414 1877 606 1964 acceperat.
644 1866 781 1936 Interea
815 1891 893 1935 cum
928 1862 1014 1934 ineis
1047 1862 1155 1962 copiis

157 1988 320 2061 omuibus
352 1991 476 2063 vexavi
506 1990 731 2061 Amanienses
763 1988 882 2060 hostes
914 1987 1153 2085 sempiternos.

157 2114 260 2185 Multi
286 2117 407 2213 occisi,
434 2115 545 2214 capti,
568 2113 891 2215 reliqui'dissipati3
917 2111 1059 2184 castella
1083 2137 1155 2184 mu·

157 2239 231 2310 nita
257 2240 449 2340 improviso
475 2240 629 2313 adventu
656 2253 758 2340 capta
784 2254 819 2311 et
844 2240 993 2311 incensa.
1012 2240 1078 2312 'Ita
1104 2239 1155 2313 vi·

160 2365 270 2437 ctoria
295 2367 386 2438 iusta
406 2384 436 2417 ¹⁰
468 2368 660 2467 imperator
693 2364 886 2467 appellatus
919 2365 1016 2465 apud
1043 2366 1155 2438 Issum

156 2497 255 2591 (quo
282 2493 318 2562 in
342 2492 442 2589 loco,
470 2520 573 2593 saepe
606 2506 646 2565 ut
672 2507 774 2565 exte
800 2492 934 2590 audivi,
959 2491 1155 2565 Clitarchus

155 2616 220 2689 tibi
245 2620 400 2691 narravit
420 2635 459 2718 ¹¹,
484 2621 629 2693 Darium
655 2619 698 2690 ab
724 2617 922 2690 Alexandro
951 2643 1026 2690 esse
1052 2643 1159 2718 supe·

156 2753 315 2843 ratum),
341 2744 468 2817 adduxi
495 2747 685 2818 exercitum
711 2744 757 2816 ad
788 2744 1047 2816 infestissimam
1073 2743 1157 2816 Cili·

78 2923 88 2928 -
156 2871 230 2941 ciae
255 2884 400 2970 partem.
425 2871 480 2943 Ibi
507 2873 666 2974 quintum
693 2871 897 2943 vicesimum
913 2886 942 2920 ¹²
965 2870 1036 2942 iam
1063 2869 1156 2942 diem
1174 2928 1198 2937 -

155 2994 353 3095 aggeribus,
379 2999 505 3096 vineis,
532 2996 685 3070 turribus
712 2996 960 3099 oppugnabam
980 2995 1198 3096 oppidum..

154 3122 447 3220 munitissimum,
482 3124 757 3222 Pindenissum,
793 3125 899 3195 tantis
938 3122 1107 3222 operibus
1128 3120 1198 3172 ¹³²

153 3261 322 3349 tantoque
354 3251 512 3348 negotio,
545 3264 585 3321 ut
615 3251 703 3321 mihi
736 3250 780 3322 ad
811 3275 983 3323 summam
1011 3249 1198 3347 glorien-

153 3371 240 3445 nihil
266 3373 372 3473 desit,
397 3375 463 3446 uisi
488 3400 618 3448 nomen
645 3375 785 3475 oppidi:
818 3375 914 3476 quod
940 3376 986 3471 si,
1013 3388 1053 3445 ut
1079 3400 1198 3474 spe-

151 3524 209 3596 ¹⁹0,
235 3525 378 3599 ceper03
412 3513 485 3572 tum
519 3528 602 3575 vero
635 3502 752 3574 literas
785 3501 925 3602 publice
957 3502 1098 3572 mittam
1118 3494 1198 3564 Ἐ

151 3626 248 3697 Haec
282 3626 326 3697 ad
360 3641 394 3698 te
427 3628 464 3698 iu
497 3631 671 3727 praesenti
706 3629 849 3728 scripsi,
885 3641 926 3699 ut
960 3653 1098 3726 spereS,
1122 3639 1198 3696 l.-

152 3752 289 3852 assequi
317 3751 351 3824 id
372 3755 411 3852 ¹⁵,
438 3754 533 3854 quod
558 3767 725 3855 optasses.
756 3754 843 3851 Sed,
876 3767 917 3825 ut
940 3751 1084 3825 redeam
1109 3776 1127 3821 a

151 3877 322 3977 Parthos,
355 3878 440 3953 haee
476 3894 587 3953 aestas
621 3880 745 3952 habuit
776 3878 870 3952 bunc
904 3879 1034 3950 exitum
1070 3875 1198 3949 sat=3
