<?xml version="1.0" encoding="UTF-8"?>
<!DOCTYPE html PUBLIC "-//W3C//DTD XHTML 1.0 Transitional//EN"
    "http://www.w3.org/TR/xhtml1/DTD/xhtml1-transitional.dtd">
<html xmlns="http://www.w3.org/1999/xhtml" xml:lang="en" lang="en">
 <head>
  <title>
</title>
<meta http-equiv="Content-Type" content="text/html;charset=utf-8" />
  <meta name='ocr-system' content='tesseract 3.04.00' />
  <meta name='ocr-capabilities' content='ocr_page ocr_carea ocr_par ocr_line ocrx_word'/>
</head>
<body>
  <div class='ocr_page' id='page_1' title='image "./mtulliiciceroni02cicegoog_0213.png"; bbox 0 0 2616 4852; ppageno 0'>
   <div class='ocr_carea' id='block_1_1' title="bbox 157 352 1049 2205">
    <p class='ocr_par' dir='ltr' id='par_1_1' title="bbox 157 352 1049 2205">
     <span class='ocr_line' id='line_1_1' title="bbox 168 352 1031 442; baseline -0.01 -20"><span class='ocrx_word' id='word_1_1' title='bbox 168 352 240 422; x_wconf 80' lang='lat'><strong>203</strong></span> <span class='ocrx_word' id='word_1_2' title='bbox 488 368 655 416; x_wconf 79' lang='lat' dir='ltr'><strong>urrsrotr</strong></span> <span class='ocrx_word' id='word_1_3' title='bbox 682 368 847 416; x_wconf 76' lang='lat' dir='ltr'><strong>ccxxvur.</strong></span> <span class='ocrx_word' id='word_1_4' title='bbox 948 363 1031 442; x_wconf 59' lang='lat' dir='ltr'><strong>nv.</strong></span> 
     </span>
     <span class='ocr_line' id='line_1_2' title="bbox 164 466 1049 570; baseline -0.002 -26"><span class='ocrx_word' id='word_1_5' title='bbox 164 474 218 546; x_wconf 90' lang='lat' dir='ltr'><strong>his</strong></span> <span class='ocrx_word' id='word_1_6' title='bbox 244 497 318 544; x_wconf 88' lang='lat' dir='ltr'><strong>esse</strong></span> <span class='ocrx_word' id='word_1_7' title='bbox 343 497 414 570; x_wconf 88' lang='lat' dir='ltr'><strong>par.</strong></span> <span class='ocrx_word' id='word_1_8' title='bbox 440 472 482 542; x_wconf 91' lang='lat' dir='ltr'><strong>ln</strong></span> <span class='ocrx_word' id='word_1_9' title='bbox 507 470 631 545; x_wconf 88' lang='lat' dir='ltr'><strong>eodem</strong></span> <span class='ocrx_word' id='word_1_10' title='bbox 657 471 794 542; x_wconf 77' lang='lat' dir='ltr'><strong>Amano</strong></span> <span class='ocrx_word' id='word_1_11' title='bbox 820 468 941 567; x_wconf 86' lang='lat' dir='ltr'><strong>eoepit</strong></span> <span class='ocrx_word' id='word_1_12' title='bbox 971 466 1049 542; x_wconf 83' lang='lat' dir='ltr'><strong>laur</strong></span> 
     </span>
     <span class='ocr_line' id='line_1_3' title="bbox 163 593 1049 696; baseline -0.006 -25"><span class='ocrx_word' id='word_1_13' title='bbox 163 600 200 670; x_wconf 91' lang='lat' dir='ltr'><strong>in</strong></span> <span class='ocrx_word' id='word_1_14' title='bbox 227 612 416 670; x_wconf 87' lang='lat' dir='ltr'><strong>mustaceo.</strong></span> <span class='ocrx_word' id='word_1_15' title='bbox 430 612 655 696; x_wconf 56' lang='lat' dir='ltr'><strong>quaererem</strong></span> <span class='ocrx_word' id='word_1_16' title='bbox 666 596 712 666; x_wconf 85' lang='lat' dir='ltr'><strong>At</strong></span> <span class='ocrx_word' id='word_1_17' title='bbox 728 593 785 664; x_wconf 87' lang='lat' dir='ltr'><strong>illc</strong></span> <span class='ocrx_word' id='word_1_18' title='bbox 803 593 990 665; x_wconf 84' lang='lat' dir='ltr'><strong>cohortem</strong></span> <span class='ocrx_word' id='word_1_19' title='bbox 1004 620 1049 694; x_wconf 84' lang='lat' dir='ltr'><strong>pr</strong></span> 
     </span>
     <span class='ocr_line' id='line_1_4' title="bbox 164 719 1041 827; baseline -0.007 -32"><span class='ocrx_word' id='word_1_20' title='bbox 164 738 277 798; x_wconf 84' lang='lat' dir='ltr'><strong>totam</strong></span> <span class='ocrx_word' id='word_1_21' title='bbox 309 722 479 825; x_wconf 79' lang='lat' dir='ltr'><strong>perdidit,</strong></span> <span class='ocrx_word' id='word_1_22' title='bbox 513 722 822 821; x_wconf 82' lang='lat' dir='ltr'><strong>centurionemque</strong></span> <span class='ocrx_word' id='word_1_23' title='bbox 852 719 1041 827; x_wconf 73' lang='lat' dir='ltr'><strong>primiprli,</strong></span> 
     </span>
     <span class='ocr_line' id='line_1_5' title="bbox 163 836 1049 952; baseline -0.006 -30"><span class='ocrx_word' id='word_1_24' title='bbox 163 850 233 922; x_wconf 89' lang='lat' dir='ltr'><strong>lem</strong></span> <span class='ocrx_word' id='word_1_25' title='bbox 251 866 283 899; x_wconf 87' lang='lat'><strong>²⁰</strong></span> <span class='ocrx_word' id='word_1_26' title='bbox 310 850 362 922; x_wconf 92' lang='lat' dir='ltr'><strong>sui</strong></span> <span class='ocrx_word' id='word_1_27' title='bbox 396 849 551 952; x_wconf 85' lang='lat' dir='ltr'><strong>generis,</strong></span> <span class='ocrx_word' id='word_1_28' title='bbox 578 836 736 921; x_wconf 80' lang='lat' dir='ltr'><strong>Asinium</strong></span> <span class='ocrx_word' id='word_1_29' title='bbox 769 848 992 945; x_wconf 76' lang='lat' dir='ltr'><strong>Dentonem,</strong></span> <span class='ocrx_word' id='word_1_30' title='bbox 1017 844 1049 917; x_wconf 70' lang='grc' dir='ltr'><strong>’ὀ</strong></span> 
     </span>
     <span class='ocr_line' id='line_1_6' title="bbox 165 958 1047 1077; baseline -0.007 -28"><span class='ocrx_word' id='word_1_31' title='bbox 165 1002 252 1077; x_wconf 92' lang='lat' dir='ltr'><strong>quos</strong></span> <span class='ocrx_word' id='word_1_32' title='bbox 279 975 433 1048; x_wconf 84' lang='lat' dir='ltr'><strong>cohortis</strong></span> <span class='ocrx_word' id='word_1_33' title='bbox 459 973 629 1074; x_wconf 89' lang='lat' dir='ltr'><strong>eiusdem,</strong></span> <span class='ocrx_word' id='word_1_34' title='bbox 647 988 682 1046; x_wconf 89' lang='lat' dir='ltr'><strong>et</strong></span> <span class='ocrx_word' id='word_1_35' title='bbox 699 973 773 1044; x_wconf 84' lang='lat' dir='ltr'><strong>Sex.</strong></span> <span class='ocrx_word' id='word_1_36' title='bbox 791 971 984 1072; x_wconf 92' lang='lat' dir='ltr'><strong>Lucilium,</strong></span> <span class='ocrx_word' id='word_1_37' title='bbox 1001 958 1047 1059; x_wconf 86' lang='lat' dir='ltr'><strong>T.</strong></span> 
     </span>
     <span class='ocr_line' id='line_1_7' title="bbox 162 1081 1049 1201; baseline -0.008 -27"><span class='ocrx_word' id='word_1_38' title='bbox 162 1102 367 1201; x_wconf 81' lang='lat' dir='ltr'><strong>Caepionis,</strong></span> <span class='ocrx_word' id='word_1_39' title='bbox 390 1099 576 1199; x_wconf 87' lang='lat' dir='ltr'><strong>locupletis</strong></span> <span class='ocrx_word' id='word_1_40' title='bbox 594 1114 630 1171; x_wconf 88' lang='lat' dir='ltr'><strong>et</strong></span> <span class='ocrx_word' id='word_1_41' title='bbox 648 1097 824 1198; x_wconf 85' lang='lat' dir='ltr'><strong>splendidi</strong></span> <span class='ocrx_word' id='word_1_42' title='bbox 849 1081 1003 1180; x_wconf 69' lang='lat' dir='ltr'><strong>hominis</strong></span> <span class='ocrx_word' id='word_1_43' title='bbox 1010 1153 1022 1196; x_wconf 96' lang='lat'><strong>,</strong></span> <span class='ocrx_word' id='word_1_44' title='bbox 1038 1099 1049 1168; x_wconf 89' lang='lat' dir='ltr'><strong>l</strong></span> 
     </span>
     <span class='ocr_line' id='line_1_8' title="bbox 162 1206 1049 1324; baseline -0.01 -23"><span class='ocrx_word' id='word_1_45' title='bbox 162 1227 341 1301; x_wconf 89' lang='lat' dir='ltr'><strong>tribunum</strong></span> <span class='ocrx_word' id='word_1_46' title='bbox 366 1225 525 1298; x_wconf 92' lang='lat' dir='ltr'><strong>militum.</strong></span> <span class='ocrx_word' id='word_1_47' title='bbox 554 1226 643 1298; x_wconf 90' lang='lat' dir='ltr'><strong>Saue</strong></span> <span class='ocrx_word' id='word_1_48' title='bbox 669 1225 808 1324; x_wconf 85' lang='lat' dir='ltr'><strong>plagam</strong></span> <span class='ocrx_word' id='word_1_49' title='bbox 834 1206 1049 1314; x_wconf 72' lang='lat' dir='ltr'><strong>odiosamat</strong></span> 
     </span>
     <span class='ocr_line' id='line_1_9' title="bbox 162 1349 1049 1454; baseline -0.006 -29"><span class='ocrx_word' id='word_1_50' title='bbox 162 1367 218 1426; x_wconf 83' lang='lat' dir='ltr'><strong>rat</strong></span> <span class='ocrx_word' id='word_1_51' title='bbox 243 1380 348 1454; x_wconf 93' lang='lat' dir='ltr'><strong>quum</strong></span> <span class='ocrx_word' id='word_1_52' title='bbox 375 1366 529 1451; x_wconf 88' lang='lat' dir='ltr'><strong>re,tu1n</strong></span> <span class='ocrx_word' id='word_1_53' title='bbox 555 1366 724 1451; x_wconf 89' lang='lat' dir='ltr'><strong>tempore.</strong></span> <span class='ocrx_word' id='word_1_54' title='bbox 757 1351 830 1423; x_wconf 87' lang='lat' dir='ltr'><strong>Nos</strong></span> <span class='ocrx_word' id='word_1_55' title='bbox 856 1349 1049 1422; x_wconf 76' lang='lat' dir='ltr'><strong>Pindenissr</strong></span> 
     </span>
     <span class='ocr_line' id='line_1_10' title="bbox 165 1474 1049 1580; baseline -0.005 -30"><span class='ocrx_word' id='word_1_56' title='bbox 165 1478 262 1580; x_wconf 94' lang='lat' dir='ltr'><strong>quod</strong></span> <span class='ocrx_word' id='word_1_57' title='bbox 305 1477 478 1578; x_wconf 92' lang='lat' dir='ltr'><strong>oppidum</strong></span> <span class='ocrx_word' id='word_1_58' title='bbox 517 1478 787 1549; x_wconf 87' lang='lat' dir='ltr'><strong>munitrssimum</strong></span> <span class='ocrx_word' id='word_1_59' title='bbox 827 1474 1049 1548; x_wconf 86' lang='lat' dir='ltr'><strong>Eleutheroci</strong></span> 
     </span>
     <span class='ocr_line' id='line_1_11' title="bbox 163 1600 1049 1689; baseline -0.003 -14"><span class='ocrx_word' id='word_1_60' title='bbox 163 1604 319 1675; x_wconf 91' lang='lat' dir='ltr'><strong>omnium</strong></span> <span class='ocrx_word' id='word_1_61' title='bbox 345 1603 511 1674; x_wconf 86' lang='lat' dir='ltr'><strong>memoria</strong></span> <span class='ocrx_word' id='word_1_62' title='bbox 539 1604 575 1674; x_wconf 95' lang='lat' dir='ltr'><strong>in</strong></span> <span class='ocrx_word' id='word_1_63' title='bbox 601 1604 704 1674; x_wconf 87' lang='lat' dir='ltr'><strong>armis</strong></span> <span class='ocrx_word' id='word_1_64' title='bbox 731 1601 795 1672; x_wconf 84' lang='lat' dir='ltr'><strong>luit</strong></span> <span class='ocrx_word' id='word_1_65' title='bbox 824 1601 914 1689; x_wconf 84' lang='lat' dir='ltr'><strong>(feri</strong></span> <span class='ocrx_word' id='word_1_66' title='bbox 939 1600 1049 1672; x_wconf 87' lang='lat' dir='ltr'><strong>homit</strong></span> 
     </span>
     <span class='ocr_line' id='line_1_12' title="bbox 162 1724 1049 1828; baseline -0.008 -27"><span class='ocrx_word' id='word_1_67' title='bbox 162 1755 274 1828; x_wconf 86' lang='lat' dir='ltr'><strong>acres,</strong></span> <span class='ocrx_word' id='word_1_68' title='bbox 289 1743 325 1800; x_wconf 87' lang='lat' dir='ltr'><strong>et</strong></span> <span class='ocrx_word' id='word_1_69' title='bbox 345 1727 507 1801; x_wconf 92' lang='lat' dir='ltr'><strong>omnibus</strong></span> <span class='ocrx_word' id='word_1_70' title='bbox 532 1727 635 1800; x_wconf 91' lang='lat' dir='ltr'><strong>rebus</strong></span> <span class='ocrx_word' id='word_1_71' title='bbox 662 1725 707 1800; x_wconf 90' lang='lat' dir='ltr'><strong>ad</strong></span> <span class='ocrx_word' id='word_1_72' title='bbox 734 1724 999 1802; x_wconf 87' lang='lat' dir='ltr'><strong>defendendum</strong></span> <span class='ocrx_word' id='word_1_73' title='bbox 1020 1749 1049 1826; x_wconf 63' lang='lat' dir='ltr'><strong>pa</strong></span> 
     </span>
     <span class='ocr_line' id='line_1_13' title="bbox 163 1838 1049 1958; baseline 0 -32"><span class='ocrx_word' id='word_1_74' title='bbox 163 1855 332 1927; x_wconf 85' lang='lat' dir='ltr'><strong>cinximus</strong></span> <span class='ocrx_word' id='word_1_75' title='bbox 357 1854 449 1928; x_wconf 81' lang='lat' dir='ltr'><strong>vallo</strong></span> <span class='ocrx_word' id='word_1_76' title='bbox 476 1868 512 1926; x_wconf 87' lang='lat' dir='ltr'><strong>et</strong></span> <span class='ocrx_word' id='word_1_77' title='bbox 538 1854 646 1953; x_wconf 73' lang='lat' dir='ltr'><strong>fossa,</strong></span> <span class='ocrx_word' id='word_1_78' title='bbox 679 1879 802 1958; x_wconf 72' lang='lat' dir='ltr'><strong>aggere</strong></span> <span class='ocrx_word' id='word_1_79' title='bbox 833 1838 986 1929; x_wconf 84' lang='lat' dir='ltr'><strong>maximo</strong></span> <span class='ocrx_word' id='word_1_80' title='bbox 994 1910 1005 1952; x_wconf 93' lang='lat'><strong>,</strong></span> <span class='ocrx_word' id='word_1_81' title='bbox 1029 1879 1049 1926; x_wconf 81' lang='lat' dir='ltr'>v</span> 
     </span>
     <span class='ocr_line' id='line_1_14' title="bbox 159 1978 1049 2079; baseline -0.006 -26"><span class='ocrx_word' id='word_1_82' title='bbox 159 1995 254 2054; x_wconf 90' lang='lat' dir='ltr'><strong>turre</strong></span> <span class='ocrx_word' id='word_1_83' title='bbox 280 1980 466 2079; x_wconf 89' lang='lat' dir='ltr'><strong>altissima,</strong></span> <span class='ocrx_word' id='word_1_84' title='bbox 480 2007 604 2078; x_wconf 80' lang='lat' dir='ltr'><strong>magna</strong></span> <span class='ocrx_word' id='word_1_85' title='bbox 632 1993 885 2053; x_wconf 85' lang='lat' dir='ltr'><strong>tormentorum</strong></span> <span class='ocrx_word' id='word_1_86' title='bbox 904 1978 1009 2078; x_wconf 87' lang='lat' dir='ltr'><strong>copia</strong></span> <span class='ocrx_word' id='word_1_87' title='bbox 1016 2005 1049 2077; x_wconf 89' lang='lat' dir='ltr'><strong>,t</strong></span> 
     </span>
     <span class='ocr_line' id='line_1_15' title="bbox 157 2103 1049 2205; baseline -0.002 -27"><span class='ocrx_word' id='word_1_88' title='bbox 157 2108 361 2205; x_wconf 84' lang='lat' dir='ltr'><strong>sagittariis,</strong></span> <span class='ocrx_word' id='word_1_89' title='bbox 386 2132 514 2203; x_wconf 84' lang='lat' dir='ltr'><strong>magno</strong></span> <span class='ocrx_word' id='word_1_90' title='bbox 539 2105 680 2204; x_wconf 86' lang='lat' dir='ltr'><strong>labore,</strong></span> <span class='ocrx_word' id='word_1_91' title='bbox 713 2118 901 2204; x_wconf 89' lang='lat' dir='ltr'><strong>apparatu,</strong></span> <span class='ocrx_word' id='word_1_92' title='bbox 935 2103 1049 2176; x_wconf 79' lang='lat' dir='ltr'><strong>multis</strong></span> 
     </span>
    </p>
   </div>
   <div class='ocr_carea' id='block_1_2' title="bbox 157 2231 1049 2477">
    <p class='ocr_par' dir='ltr' id='par_1_2' title="bbox 157 2231 1049 2477">
     <span class='ocr_line' id='line_1_16' title="bbox 160 2231 1049 2331; baseline -0.001 -28"><span class='ocrx_word' id='word_1_93' title='bbox 160 2233 222 2304; x_wconf 90' lang='lat' dir='ltr'><strong>ciis</strong></span> <span class='ocrx_word' id='word_1_94' title='bbox 248 2233 376 2304; x_wconf 88' lang='lat' dir='ltr'><strong>nostris</strong></span> <span class='ocrx_word' id='word_1_95' title='bbox 396 2248 438 2331; x_wconf 83' lang='lat'><strong>²²,</strong></span> <span class='ocrx_word' id='word_1_96' title='bbox 462 2231 628 2305; x_wconf 89' lang='lat' dir='ltr'><strong>incolumi</strong></span> <span class='ocrx_word' id='word_1_97' title='bbox 661 2232 834 2329; x_wconf 87' lang='lat' dir='ltr'><strong>exercitu,</strong></span> <span class='ocrx_word' id='word_1_98' title='bbox 866 2231 1049 2328; x_wconf 83' lang='lat' dir='ltr'><strong>negotium</strong></span> 
     </span>
     <span class='ocr_line' id='line_1_17' title="bbox 157 2355 1049 2477; baseline 0.002 -50"><span class='ocrx_word' id='word_1_99' title='bbox 157 2357 309 2428; x_wconf 79' lang='lat' dir='ltr'><strong>fecimus</strong></span> <span class='ocrx_word' id='word_1_100' title='bbox 335 2356 455 2429; x_wconf 82' lang='lat' dir='ltr'><strong>Hilaro</strong></span> <span class='ocrx_word' id='word_1_101' title='bbox 482 2384 565 2430; x_wconf 86' lang='lat' dir='ltr'><strong>sane</strong></span> <span class='ocrx_word' id='word_1_102' title='bbox 591 2359 795 2430; x_wconf 85' lang='lat' dir='ltr'><strong>Saturnalia.</strong></span> <span class='ocrx_word' id='word_1_103' title='bbox 813 2355 1049 2477; x_wconf 64' lang='lat' dir='ltr'><strong>Militibusq&#39;u</strong></span> 
     </span>
    </p>
   </div>
   <div class='ocr_carea' id='block_1_3' title="bbox 152 2483 1049 3971">
    <p class='ocr_par' dir='ltr' id='par_1_3' title="bbox 154 2483 1049 3213">
     <span class='ocr_line' id='line_1_18' title="bbox 158 2483 1049 2584; baseline 0.003 -32"><span class='ocrx_word' id='word_1_104' title='bbox 158 2483 255 2582; x_wconf 90' lang='lat' dir='ltr'><strong>equis</strong></span> <span class='ocrx_word' id='word_1_105' title='bbox 295 2483 470 2584; x_wconf 86' lang='lat' dir='ltr'><strong>exceptis,</strong></span> <span class='ocrx_word' id='word_1_106' title='bbox 506 2483 675 2584; x_wconf 86' lang='lat' dir='ltr'><strong>reliquam</strong></span> <span class='ocrx_word' id='word_1_107' title='bbox 712 2483 879 2582; x_wconf 90' lang='lat' dir='ltr'><strong>praedam</strong></span> <span class='ocrx_word' id='word_1_108' title='bbox 914 2506 1049 2555; x_wconf 71' lang='lat' dir='ltr'><strong>concess</strong></span> 
     </span>
     <span class='ocr_line' id='line_1_19' title="bbox 156 2609 1049 2708; baseline -0.003 -27"><span class='ocrx_word' id='word_1_109' title='bbox 156 2610 332 2708; x_wconf 88' lang='lat' dir='ltr'><strong>Mancipia</strong></span> <span class='ocrx_word' id='word_1_110' title='bbox 360 2610 550 2700; x_wconf 85' lang='lat' dir='ltr'><strong>vaenibant</strong></span> <span class='ocrx_word' id='word_1_111' title='bbox 576 2609 816 2682; x_wconf 89' lang='lat' dir='ltr'><strong>Saturnalibus</strong></span> <span class='ocrx_word' id='word_1_112' title='bbox 841 2609 952 2681; x_wconf 87' lang='lat' dir='ltr'><strong>te&#39;rtiis</strong></span> <span class='ocrx_word' id='word_1_113' title='bbox 972 2611 1012 2680; x_wconf 86' lang='lat'><strong>²³.</strong></span> <span class='ocrx_word' id='word_1_114' title='bbox 1038 2614 1049 2678; x_wconf 80' lang='lat' dir='ltr'><strong>l</strong></span> 
     </span>
     <span class='ocr_line' id='line_1_20' title="bbox 154 2718 1049 2835; baseline 0.002 -31"><span class='ocrx_word' id='word_1_115' title='bbox 154 2734 242 2808; x_wconf 87' lang='lat' dir='ltr'><strong>hacc</strong></span> <span class='ocrx_word' id='word_1_116' title='bbox 268 2735 479 2835; x_wconf 89' lang='lat' dir='ltr'><strong>scribebam,</strong></span> <span class='ocrx_word' id='word_1_117' title='bbox 496 2738 531 2808; x_wconf 91' lang='lat' dir='ltr'><strong>in</strong></span> <span class='ocrx_word' id='word_1_118' title='bbox 550 2736 715 2821; x_wconf 79' lang='lat' dir='ltr'><strong>tribunali</strong></span> <span class='ocrx_word' id='word_1_119' title='bbox 732 2764 786 2809; x_wconf 89' lang='lat' dir='ltr'><strong>res</strong></span> <span class='ocrx_word' id='word_1_120' title='bbox 804 2749 879 2808; x_wconf 89' lang='lat' dir='ltr'><strong>erat</strong></span> <span class='ocrx_word' id='word_1_121' title='bbox 906 2735 952 2807; x_wconf 90' lang='lat' dir='ltr'><strong>ad</strong></span> <span class='ocrx_word' id='word_1_122' title='bbox 974 2718 1049 2807; x_wconf 92' lang='lat' dir='ltr'><strong>H-S</strong></span> 
     </span>
     <span class='ocr_line' id='line_1_21' title="bbox 155 2860 1049 2961; baseline -0.003 -28"><span class='ocrx_word' id='word_1_123' title='bbox 155 2861 248 2935; x_wconf 90' lang='lat' dir='ltr'><strong>Hinc</strong></span> <span class='ocrx_word' id='word_1_124' title='bbox 274 2864 464 2935; x_wconf 86' lang='lat' dir='ltr'><strong>exercitum</strong></span> <span class='ocrx_word' id='word_1_125' title='bbox 489 2864 526 2934; x_wconf 90' lang='lat' dir='ltr'><strong>in</strong></span> <span class='ocrx_word' id='word_1_126' title='bbox 551 2862 697 2935; x_wconf 85' lang='lat' dir='ltr'><strong>hiberna</strong></span> <span class='ocrx_word' id='word_1_127' title='bbox 733 2863 804 2960; x_wconf 85' lang='lat' dir='ltr'><strong>agri</strong></span> <span class='ocrx_word' id='word_1_128' title='bbox 838 2860 927 2933; x_wconf 89' lang='lat' dir='ltr'><strong>male</strong></span> <span class='ocrx_word' id='word_1_129' title='bbox 952 2875 1049 2961; x_wconf 81' lang='lat' dir='ltr'><strong>pacat</strong></span> 
     </span>
     <span class='ocr_line' id='line_1_22' title="bbox 157 2986 1049 3087; baseline 0.002 -29"><span class='ocrx_word' id='word_1_130' title='bbox 157 2986 358 3060; x_wconf 88' lang='lat' dir='ltr'><strong>ducendum</strong></span> <span class='ocrx_word' id='word_1_131' title='bbox 383 2990 525 3080; x_wconf 71' lang='lat' dir='ltr'><strong>Quinto⁴</strong></span> <span class='ocrx_word' id='word_1_132' title='bbox 546 2989 643 3061; x_wconf 87' lang='lat' dir='ltr'><strong>fratri</strong></span> <span class='ocrx_word' id='word_1_133' title='bbox 669 2989 817 3087; x_wconf 74' lang='lat' dir='ltr'><strong>dabam,</strong></span> <span class='ocrx_word' id='word_1_134' title='bbox 844 2989 919 3087; x_wconf 90' lang='lat' dir='ltr'><strong>ipse</strong></span> <span class='ocrx_word' id='word_1_135' title='bbox 943 3015 1002 3060; x_wconf 89' lang='lat' dir='ltr'><strong>me</strong></span> <span class='ocrx_word' id='word_1_136' title='bbox 1027 2989 1049 3060; x_wconf 86' lang='grc' dir='ltr'>Ι</span> 
     </span>
     <span class='ocr_line' id='line_1_23' title="bbox 156 3115 503 3213; baseline 0.006 -29"><span class='ocrx_word' id='word_1_137' title='bbox 156 3137 254 3185; x_wconf 88' lang='lat' dir='ltr'><strong>ceam</strong></span> <span class='ocrx_word' id='word_1_138' title='bbox 280 3115 503 3213; x_wconf 86' lang='lat' dir='ltr'><strong>recipiebam.</strong></span> 
     </span>
    </p>

    <p class='ocr_par' dir='ltr' id='par_1_4' title="bbox 152 3238 1049 3971">
     <span class='ocr_line' id='line_1_24' title="bbox 205 3238 1049 3340; baseline -0.002 -28"><span class='ocrx_word' id='word_1_139' title='bbox 205 3267 225 3312; x_wconf 84' lang='lat'>2</span> <span class='ocrx_word' id='word_1_140' title='bbox 252 3238 349 3310; x_wconf 89' lang='lat' dir='ltr'><strong>Haeo</strong></span> <span class='ocrx_word' id='word_1_141' title='bbox 375 3239 499 3311; x_wconf 89' lang='lat' dir='ltr'><strong>adhuc.</strong></span> <span class='ocrx_word' id='word_1_142' title='bbox 533 3239 602 3312; x_wconf 87' lang='lat' dir='ltr'><strong>Sed</strong></span> <span class='ocrx_word' id='word_1_143' title='bbox 636 3239 681 3312; x_wconf 87' lang='lat' dir='ltr'><strong>ad</strong></span> <span class='ocrx_word' id='word_1_144' title='bbox 715 3241 901 3340; x_wconf 86' lang='lat' dir='ltr'><strong>praeterita</strong></span> <span class='ocrx_word' id='word_1_145' title='bbox 929 3255 1049 3314; x_wconf 44' lang='lat' dir='ltr'><strong>revert¹</strong></span> 
     </span>
     <span class='ocr_line' id='line_1_25' title="bbox 155 3363 1049 3467; baseline 0.003 -33"><span class='ocrx_word' id='word_1_146' title='bbox 155 3363 264 3455; x_wconf 90' lang='lat' dir='ltr'><strong>Quod</strong></span> <span class='ocrx_word' id='word_1_147' title='bbox 289 3391 344 3436; x_wconf 92' lang='lat' dir='ltr'><strong>me</strong></span> <span class='ocrx_word' id='word_1_148' title='bbox 370 3367 519 3437; x_wconf 85' lang='lat' dir='ltr'><strong>maxime</strong></span> <span class='ocrx_word' id='word_1_149' title='bbox 544 3365 717 3464; x_wconf 85' lang='lat' dir='ltr'><strong>hortaris,</strong></span> <span class='ocrx_word' id='word_1_150' title='bbox 750 3380 802 3464; x_wconf 89' lang='lat' dir='ltr'><strong>et,</strong></span> <span class='ocrx_word' id='word_1_151' title='bbox 828 3365 923 3467; x_wconf 90' lang='lat' dir='ltr'><strong>quod</strong></span> <span class='ocrx_word' id='word_1_152' title='bbox 949 3365 1049 3465; x_wconf 68' lang='lat' dir='ltr'><strong>pluris</strong></span> 
     </span>
     <span class='ocr_line' id='line_1_26' title="bbox 154 3491 1049 3593; baseline 0.004 -33"><span class='ocrx_word' id='word_1_153' title='bbox 154 3516 259 3589; x_wconf 90' lang='lat' dir='ltr'><strong>quam</strong></span> <span class='ocrx_word' id='word_1_154' title='bbox 284 3492 401 3562; x_wconf 90' lang='lat' dir='ltr'><strong>omnia</strong></span> <span class='ocrx_word' id='word_1_155' title='bbox 420 3491 469 3589; x_wconf 74' lang='lat'><strong>24,</strong></span> <span class='ocrx_word' id='word_1_156' title='bbox 501 3493 538 3563; x_wconf 89' lang='lat' dir='ltr'><strong>in</strong></span> <span class='ocrx_word' id='word_1_157' title='bbox 572 3519 643 3593; x_wconf 88' lang='lat' dir='ltr'><strong>quo</strong></span> <span class='ocrx_word' id='word_1_158' title='bbox 668 3491 823 3590; x_wconf 87' lang='lat' dir='ltr'><strong>laboras,</strong></span> <span class='ocrx_word' id='word_1_159' title='bbox 853 3506 892 3563; x_wconf 93' lang='lat' dir='ltr'><strong>ut</strong></span> <span class='ocrx_word' id='word_1_160' title='bbox 917 3493 1049 3564; x_wconf 80' lang='lat' dir='ltr'><strong>etiamj</strong></span> 
     </span>
     <span class='ocr_line' id='line_1_27' title="bbox 152 3614 1049 3716; baseline -0.002 -31"><span class='ocrx_word' id='word_1_161' title='bbox 152 3614 230 3686; x_wconf 89' lang='lat' dir='ltr'><strong>rino</strong></span> <span class='ocrx_word' id='word_1_162' title='bbox 268 3623 364 3710; x_wconf 70' lang='grc' dir='ltr'>μώμῳ</span> <span class='ocrx_word' id='word_1_163' title='bbox 382 3619 413 3666; x_wconf 83' lang='lat'><strong>²⁵</strong></span> <span class='ocrx_word' id='word_1_164' title='bbox 447 3618 676 3690; x_wconf 84' lang='lat' dir='ltr'><strong>satisfaciam:</strong></span> <span class='ocrx_word' id='word_1_165' title='bbox 714 3619 860 3714; x_wconf 88' lang='lat' dir='ltr'><strong>moriar,</strong></span> <span class='ocrx_word' id='word_1_166' title='bbox 896 3618 925 3688; x_wconf 87' lang='lat' dir='ltr'><strong>si</strong></span> <span class='ocrx_word' id='word_1_167' title='bbox 966 3618 1049 3716; x_wconf 86' lang='lat' dir='ltr'><strong>quio</strong></span> 
     </span>
     <span class='ocr_line' id='line_1_28' title="bbox 152 3740 1044 3841; baseline 0.002 -31"><span class='ocrx_word' id='word_1_168' title='bbox 152 3740 227 3812; x_wconf 88' lang='lat' dir='ltr'><strong>fieri</strong></span> <span class='ocrx_word' id='word_1_169' title='bbox 253 3754 370 3841; x_wconf 87' lang='lat' dir='ltr'><strong>potest</strong></span> <span class='ocrx_word' id='word_1_170' title='bbox 395 3742 594 3840; x_wconf 82' lang='lat' dir='ltr'><strong>elegantius.</strong></span> <span class='ocrx_word' id='word_1_171' title='bbox 620 3744 693 3816; x_wconf 88' lang='lat' dir='ltr'><strong>Nec</strong></span> <span class='ocrx_word' id='word_1_172' title='bbox 720 3746 787 3815; x_wconf 91' lang='lat' dir='ltr'><strong>iam</strong></span> <span class='ocrx_word' id='word_1_173' title='bbox 808 3747 838 3792; x_wconf 79' lang='lat'><strong>²⁶</strong></span> <span class='ocrx_word' id='word_1_174' title='bbox 865 3769 929 3840; x_wconf 79' lang='lat' dir='ltr'><strong>ego</strong></span> <span class='ocrx_word' id='word_1_175' title='bbox 956 3743 1044 3814; x_wconf 89' lang='lat' dir='ltr'><strong>banc</strong></span> 
     </span>
     <span class='ocr_line' id='line_1_29' title="bbox 153 3866 1049 3971; baseline 0 -34"><span class='ocrx_word' id='word_1_176' title='bbox 153 3866 333 3940; x_wconf 85' lang='lat' dir='ltr'><strong>tinentiam</strong></span> <span class='ocrx_word' id='word_1_177' title='bbox 361 3869 518 3971; x_wconf 90' lang='lat' dir='ltr'><strong>appello,</strong></span> <span class='ocrx_word' id='word_1_178' title='bbox 544 3897 633 3970; x_wconf 86' lang='lat' dir='ltr'><strong>quae</strong></span> <span class='ocrx_word' id='word_1_179' title='bbox 660 3871 768 3944; x_wconf 91' lang='lat' dir='ltr'><strong>virtus</strong></span> <span class='ocrx_word' id='word_1_180' title='bbox 795 3868 968 3968; x_wconf 81' lang='lat' dir='ltr'><strong>voluptati</strong></span> <span class='ocrx_word' id='word_1_181' title='bbox 994 3867 1049 3940; x_wconf 90' lang='lat' dir='ltr'><strong>resi</strong></span> 
     </span>
    </p>
   </div>
   <div class='ocr_carea' id='block_1_4' title="bbox 0 0 1312 4852">
    <p class='ocr_par' dir='ltr' id='par_1_5' title="bbox 0 0 1312 4852">
     <span class='ocr_line' id='line_1_30' title="bbox 0 0 1312 4852; baseline 0 2"><span class='ocrx_word' id='word_1_182' title='bbox 0 0 1312 4852; x_wconf 95' lang='lat' dir='ltr'><strong> </strong></span> 
     </span>
    </p>
   </div>
  </div>
 </body>
</html>
