<?xml version="1.0" encoding="UTF-8"?>
<!DOCTYPE html PUBLIC "-//W3C//DTD XHTML 1.0 Transitional//EN"
    "http://www.w3.org/TR/xhtml1/DTD/xhtml1-transitional.dtd">
<html xmlns="http://www.w3.org/1999/xhtml" xml:lang="en" lang="en">
 <head>
  <title>
</title>
<meta http-equiv="Content-Type" content="text/html;charset=utf-8" />
  <meta name='ocr-system' content='tesseract 3.04.00' />
  <meta name='ocr-capabilities' content='ocr_page ocr_carea ocr_par ocr_line ocrx_word'/>
</head>
<body>
  <div class='ocr_page' id='page_1' title='image "./mtulliiciceroni02cicegoog_0035.png"; bbox 0 0 2616 4852; ppageno 0'>
   <div class='ocr_carea' id='block_1_1' title="bbox 156 323 1165 935">
    <p class='ocr_par' dir='ltr' id='par_1_1' title="bbox 156 323 1165 935">
     <span class='ocr_line' id='line_1_1' title="bbox 156 323 1138 410; baseline 0.003 -18"><span class='ocrx_word' id='word_1_1' title='bbox 156 323 206 392; x_wconf 80' lang='lat'><strong>·28</strong></span> <span class='ocrx_word' id='word_1_2' title='bbox 311 364 316 375; x_wconf 92' lang='lat'><em>·</em></span> <span class='ocrx_word' id='word_1_3' title='bbox 472 342 642 390; x_wconf 78' lang='lat' dir='ltr'><strong>srrsrons</strong></span> <span class='ocrx_word' id='word_1_4' title='bbox 669 342 844 393; x_wconf 80' lang='lat' dir='ltr'><strong>chxtht.</strong></span> <span class='ocrx_word' id='word_1_5' title='bbox 938 344 1138 410; x_wconf 58' lang='lat' dir='ltr'><strong>nunqua</strong></span> 
     </span>
     <span class='ocr_line' id='line_1_2' title="bbox 158 445 1165 527; baseline 0.008 -8"><span class='ocrx_word' id='word_1_6' title='bbox 158 448 205 519; x_wconf 91' lang='lat' dir='ltr'><strong>ad</strong></span> <span class='ocrx_word' id='word_1_7' title='bbox 235 474 291 518; x_wconf 87' lang='lat' dir='ltr'><strong>rue</strong></span> <span class='ocrx_word' id='word_1_8' title='bbox 324 445 454 519; x_wconf 75' lang='lat' dir='ltr'><strong>scrilris.</strong></span> <span class='ocrx_word' id='word_1_9' title='bbox 488 447 544 517; x_wconf 93' lang='lat' dir='ltr'><strong>Tu</strong></span> <span class='ocrx_word' id='word_1_10' title='bbox 577 472 662 518; x_wconf 88' lang='lat' dir='ltr'><strong>vero</strong></span> <span class='ocrx_word' id='word_1_11' title='bbox 695 447 792 519; x_wconf 82' lang='lat' dir='ltr'><strong>aufer</strong></span> <span class='ocrx_word' id='word_1_12' title='bbox 818 447 989 523; x_wconf 89' lang='lat' dir='ltr'><strong>ducentos</strong></span> <span class='ocrx_word' id='word_1_13' title='bbox 1007 467 1052 522; x_wconf 81' lang='lat'><strong>²⁷.</strong></span> <span class='ocrx_word' id='word_1_14' title='bbox 1084 454 1165 527; x_wconf 70' lang='lat' dir='ltr'><strong>Eua·</strong></span> 
     </span>
     <span class='ocr_line' id='line_1_3' title="bbox 156 570 1164 675; baseline 0.004 -27"><span class='ocrx_word' id='word_1_15' title='bbox 156 588 272 648; x_wconf 86' lang='lat' dir='ltr'><strong>meam</strong></span> <span class='ocrx_word' id='word_1_16' title='bbox 296 577 332 646; x_wconf 93' lang='lat' dir='ltr'><strong>in</strong></span> <span class='ocrx_word' id='word_1_17' title='bbox 358 599 401 645; x_wconf 86' lang='lat' dir='ltr'><strong>eo</strong></span> <span class='ocrx_word' id='word_1_18' title='bbox 427 573 677 672; x_wconf 81' lang='lat' dir='ltr'>parsimoniam</span> <span class='ocrx_word' id='word_1_19' title='bbox 710 570 813 646; x_wconf 87' lang='lat' dir='ltr'><strong>huius</strong></span> <span class='ocrx_word' id='word_1_20' title='bbox 843 575 993 675; x_wconf 84' lang='lat' dir='ltr'>paginae</span> <span class='ocrx_word' id='word_1_21' title='bbox 1019 593 1164 652; x_wconf 88' lang='lat' dir='ltr'><strong>contra-</strong></span> 
     </span>
     <span class='ocr_line' id='line_1_4' title="bbox 157 701 1163 799; baseline 0.002 -25"><span class='ocrx_word' id='word_1_22' title='bbox 157 702 228 774; x_wconf 87' lang='lat' dir='ltr'>ctio</span> <span class='ocrx_word' id='word_1_23' title='bbox 254 701 433 799; x_wconf 83' lang='lat' dir='ltr'><strong>significat.</strong></span> <span class='ocrx_word' id='word_1_24' title='bbox 459 703 577 786; x_wconf 89' lang='lat' dir='ltr'><strong>[Dum</strong></span> <span class='ocrx_word' id='word_1_25' title='bbox 604 714 681 772; x_wconf 87' lang='lat' dir='ltr'><strong>acta</strong></span> <span class='ocrx_word' id='word_1_26' title='bbox 713 712 749 772; x_wconf 90' lang='lat' dir='ltr'><strong>et</strong></span> <span class='ocrx_word' id='word_1_27' title='bbox 780 722 938 774; x_wconf 89' lang='lat' dir='ltr'><strong>rumores</strong></span> <span class='ocrx_word' id='word_1_28' title='bbox 968 702 1085 776; x_wconf 91' lang='lat' dir='ltr'><strong>vellet.</strong></span> <span class='ocrx_word' id='word_1_29' title='bbox 1100 719 1115 792; x_wconf 90' lang='grc'><strong>]</strong></span> <span class='ocrx_word' id='word_1_30' title='bbox 1132 707 1163 756; x_wconf 80' lang='lat'><strong>²⁸</strong></span> 
     </span>
     <span class='ocr_line' id='line_1_5' title="bbox 156 826 1163 935; baseline 0.005 -37"><span class='ocrx_word' id='word_1_31' title='bbox 156 828 248 926; x_wconf 79' lang='lat' dir='ltr'>lain,</span> <span class='ocrx_word' id='word_1_32' title='bbox 273 828 302 898; x_wconf 89' lang='lat' dir='ltr'><strong>si</strong></span> <span class='ocrx_word' id='word_1_33' title='bbox 329 854 396 930; x_wconf 89' lang='lat' dir='ltr'><strong>qua</strong></span> <span class='ocrx_word' id='word_1_34' title='bbox 410 840 442 892; x_wconf 81' lang='lat'><strong>²9</strong></span> <span class='ocrx_word' id='word_1_35' title='bbox 469 841 564 900; x_wconf 89' lang='lat' dir='ltr'><strong>certa</strong></span> <span class='ocrx_word' id='word_1_36' title='bbox 585 826 693 899; x_wconf 90' lang='lat' dir='ltr'><strong>habes</strong></span> <span class='ocrx_word' id='word_1_37' title='bbox 712 827 755 899; x_wconf 90' lang='lat' dir='ltr'><strong>de</strong></span> <span class='ocrx_word' id='word_1_38' title='bbox 773 830 922 901; x_wconf 84' lang='lat' dir='ltr'><strong>Caesare</strong></span> <span class='ocrx_word' id='word_1_39' title='bbox 935 829 977 928; x_wconf 80' lang='lat'><strong>³⁰,</strong></span> <span class='ocrx_word' id='word_1_40' title='bbox 993 846 1163 935; x_wconf 87' lang='lat' dir='ltr'><strong>exspecto</strong></span> 
     </span>
    </p>
   </div>
   <div class='ocr_carea' id='block_1_2' title="bbox 155 953 1164 1178">
    <p class='ocr_par' dir='ltr' id='par_1_2' title="bbox 155 953 1164 1178">
     <span class='ocr_line' id='line_1_6' title="bbox 155 953 1164 1052; baseline 0.005 -24"><span class='ocrx_word' id='word_1_41' title='bbox 155 953 272 1028; x_wconf 88' lang='lat' dir='ltr'><strong>literas</strong></span> <span class='ocrx_word' id='word_1_42' title='bbox 279 981 291 1052; x_wconf 77' lang='lat'>3</span> <span class='ocrx_word' id='word_1_43' title='bbox 315 969 351 1026; x_wconf 85' lang='lat' dir='ltr'><strong>et</strong></span> <span class='ocrx_word' id='word_1_44' title='bbox 376 954 460 1028; x_wconf 88' lang='lat' dir='ltr'><strong>alias</strong></span> <span class='ocrx_word' id='word_1_45' title='bbox 484 956 665 1029; x_wconf 87' lang='lat' dir='ltr'><strong>Purntinio</strong></span> <span class='ocrx_word' id='word_1_46' title='bbox 693 955 737 1029; x_wconf 93' lang='lat' dir='ltr'><strong>de</strong></span> <span class='ocrx_word' id='word_1_47' title='bbox 762 955 926 1052; x_wconf 88' lang='lat' dir='ltr'><strong>omnibus</strong></span> <span class='ocrx_word' id='word_1_48' title='bbox 952 956 1058 1030; x_wconf 89' lang='lat' dir='ltr'><strong>rebus</strong></span> <span class='ocrx_word' id='word_1_49' title='bbox 1085 958 1164 1033; x_wconf 90' lang='lat' dir='ltr'><strong>dili·</strong></span> 
     </span>
     <span class='ocr_line' id='line_1_7' title="bbox 156 1072 801 1178; baseline 0.006 -25"><span class='ocrx_word' id='word_1_50' title='bbox 156 1095 276 1178; x_wconf 83' lang='lat' dir='ltr'><strong>gentes</strong></span> <span class='ocrx_word' id='word_1_51' title='bbox 295 1085 323 1134; x_wconf 85' lang='lat'><strong>³¹</strong></span> <span class='ocrx_word' id='word_1_52' title='bbox 352 1080 461 1154; x_wconf 89' lang='lat' dir='ltr'><strong>dabis.</strong></span> <span class='ocrx_word' id='word_1_53' title='bbox 798 1072 801 1077; x_wconf 36' lang='lat'><em>⁴</em></span> 
     </span>
    </p>
   </div>
   <div class='ocr_carea' id='block_1_3' title="bbox 513 1290 1140 1439">
    <p class='ocr_par' dir='ltr' id='par_1_3' title="bbox 513 1290 1140 1439">
     <span class='ocr_line' id='line_1_8' title="bbox 513 1290 1140 1439; baseline 0.016 -31"><span class='ocrx_word' id='word_1_54' title='bbox 513 1336 809 1409; x_wconf 75' lang='lat' dir='ltr'><strong>ccxxxvrn.;</strong></span> <span class='ocrx_word' id='word_1_55' title='bbox 852 1290 855 1295; x_wconf 63' lang='grc'><strong>’</strong></span> <span class='ocrx_word' id='word_1_56' title='bbox 895 1300 1140 1439; x_wconf 47' lang='lat' dir='ltr'><strong>...ms</strong></span> 
     </span>
    </p>
   </div>
   <div class='ocr_carea' id='block_1_4' title="bbox 156 1502 1163 1599">
    <p class='ocr_par' dir='ltr' id='par_1_4' title="bbox 156 1502 1163 1599">
     <span class='ocr_line' id='line_1_9' title="bbox 156 1502 1163 1599; baseline 0.007 -28"><span class='ocrx_word' id='word_1_57' title='bbox 156 1504 377 1590; x_wconf 70' lang='lat' dir='ltr'><strong>Argumentum.</strong></span> <span class='ocrx_word' id='word_1_58' title='bbox 406 1513 563 1594; x_wconf 82' lang='lat' dir='ltr'><strong>Significat</strong></span> <span class='ocrx_word' id='word_1_59' title='bbox 582 1537 614 1575; x_wconf 88' lang='lat' dir='ltr'><strong>se</strong></span> <span class='ocrx_word' id='word_1_60' title='bbox 635 1536 706 1587; x_wconf 78' lang='lat' dir='ltr'><strong>nec,</strong></span> <span class='ocrx_word' id='word_1_61' title='bbox 732 1502 816 1599; x_wconf 80' lang='lat' dir='ltr'><strong>quud</strong></span> <span class='ocrx_word' id='word_1_62' title='bbox 847 1513 974 1586; x_wconf 76' lang='lat' dir='ltr'><strong>scr-thar,</strong></span> <span class='ocrx_word' id='word_1_63' title='bbox 1001 1538 1058 1575; x_wconf 90' lang='lat' dir='ltr'><strong>nec</strong></span> <span class='ocrx_word' id='word_1_64' title='bbox 1080 1519 1163 1599; x_wconf 92' lang='lat' dir='ltr'><strong>quod</strong></span> 
     </span>
    </p>
   </div>
   <div class='ocr_carea' id='block_1_5' title="bbox 195 1619 1141 1706">
    <p class='ocr_par' dir='ltr' id='par_1_5' title="bbox 195 1619 1141 1706">
     <span class='ocr_line' id='line_1_10' title="bbox 195 1619 1141 1706; baseline 0.006 -28"><span class='ocrx_word' id='word_1_65' title='bbox 195 1619 334 1694; x_wconf 89' lang='lat' dir='ltr'><strong>mandet,</strong></span> <span class='ocrx_word' id='word_1_66' title='bbox 354 1619 482 1693; x_wconf 84' lang='lat' dir='ltr'><strong>habere,</strong></span> <span class='ocrx_word' id='word_1_67' title='bbox 503 1634 532 1682; x_wconf 88' lang='lat' dir='ltr'><strong>et</strong></span> <span class='ocrx_word' id='word_1_68' title='bbox 554 1625 643 1682; x_wconf 79' lang='lat' dir='ltr'><strong>Attici</strong></span> <span class='ocrx_word' id='word_1_69' title='bbox 664 1623 765 1683; x_wconf 81' lang='lat' dir='ltr'><strong>literas</strong></span> <span class='ocrx_word' id='word_1_70' title='bbox 785 1621 936 1683; x_wconf 86' lang='lat' dir='ltr'>Brundisii</span> <span class='ocrx_word' id='word_1_71' title='bbox 958 1624 1141 1706; x_wconf 77' lang='lat' dir='ltr'><strong>exspectare.</strong></span> 
     </span>
    </p>
   </div>
   <div class='ocr_carea' id='block_1_6' title="bbox 325 1793 1134 1905">
    <p class='ocr_par' dir='ltr' id='par_1_6' title="bbox 325 1793 1134 1905">
     <span class='ocr_line' id='line_1_11' title="bbox 325 1793 1134 1905; baseline 0.005 -25"><span class='ocrx_word' id='word_1_72' title='bbox 325 1829 378 1881; x_wconf 86' lang='lat' dir='ltr'><strong>Scr.</strong></span> <span class='ocrx_word' id='word_1_73' title='bbox 398 1830 526 1882; x_wconf 81' lang='lat' dir='ltr'><strong>Venusiae</strong></span> <span class='ocrx_word' id='word_1_74' title='bbox 544 1835 573 1883; x_wconf 79' lang='lat' dir='ltr'><strong>A.</strong></span> <span class='ocrx_word' id='word_1_75' title='bbox 592 1831 625 1883; x_wconf 88' lang='lat' dir='ltr'><strong>V.</strong></span> <span class='ocrx_word' id='word_1_76' title='bbox 644 1831 674 1884; x_wconf 89' lang='lat' dir='ltr'><strong>C.</strong></span> <span class='ocrx_word' id='word_1_77' title='bbox 692 1806 803 1898; x_wconf 72' lang='lat' dir='ltr'><strong>ocull,</strong></span> <span class='ocrx_word' id='word_1_78' title='bbox 823 1831 888 1905; x_wconf 65' lang='lat' dir='ltr'><strong>idib.</strong></span> <span class='ocrx_word' id='word_1_79' title='bbox 907 1831 990 1886; x_wconf 87' lang='lat' dir='ltr'><strong>Maiis.</strong></span> <span class='ocrx_word' id='word_1_80' title='bbox 1043 1835 1046 1839; x_wconf 85' lang='lat'>&#39;</span> <span class='ocrx_word' id='word_1_81' title='bbox 1133 1793 1134 1796; x_wconf 41' lang='lat'>¹</span> 
     </span>
    </p>
   </div>
   <div class='ocr_carea' id='block_1_7' title="bbox 471 2020 847 2087">
    <p class='ocr_par' dir='ltr' id='par_1_7' title="bbox 471 2020 847 2087">
     <span class='ocr_line' id='line_1_12' title="bbox 471 2020 847 2087; baseline 0.005 -3"><span class='ocrx_word' id='word_1_82' title='bbox 471 2022 616 2087; x_wconf 87' lang='lat' dir='ltr'>CICERO</span> <span class='ocrx_word' id='word_1_83' title='bbox 640 2022 791 2086; x_wconf 84' lang='lat' dir='ltr'><strong>ATTICO</strong></span> <span class='ocrx_word' id='word_1_84' title='bbox 816 2020 847 2086; x_wconf 89' lang='lat' dir='ltr'><strong>S.</strong></span> 
     </span>
    </p>
   </div>
   <div class='ocr_carea' id='block_1_8' title="bbox 150 2228 1162 3978">
    <p class='ocr_par' dir='ltr' id='par_1_8' title="bbox 150 2228 1162 3978">
     <span class='ocr_line' id='line_1_13' title="bbox 203 2228 1162 2334; baseline 0.003 -32"><span class='ocrx_word' id='word_1_85' title='bbox 203 2228 314 2302; x_wconf 88' lang='lat' dir='ltr'><strong>Plane</strong></span> <span class='ocrx_word' id='word_1_86' title='bbox 339 2229 439 2302; x_wconf 85' lang='lat' dir='ltr'><strong>deest</strong></span> <span class='ocrx_word' id='word_1_87' title='bbox 458 2245 481 2327; x_wconf 80' lang='lat'><strong>¹,</strong></span> <span class='ocrx_word' id='word_1_88' title='bbox 506 2229 604 2329; x_wconf 90' lang='lat' dir='ltr'><strong>quod</strong></span> <span class='ocrx_word' id='word_1_89' title='bbox 636 2229 795 2302; x_wconf 89' lang='lat' dir='ltr'><strong>scribam.</strong></span> <span class='ocrx_word' id='word_1_90' title='bbox 829 2231 921 2304; x_wconf 89' lang='lat' dir='ltr'><strong>Nam</strong></span> <span class='ocrx_word' id='word_1_91' title='bbox 943 2257 1031 2331; x_wconf 81' lang='lat' dir='ltr'><strong>nec,</strong></span> <span class='ocrx_word' id='word_1_92' title='bbox 1064 2233 1162 2334; x_wconf 90' lang='lat' dir='ltr'><strong>quod</strong></span> 
     </span>
     <span class='ocr_line' id='line_1_14' title="bbox 153 2354 1160 2455; baseline 0.001 -27"><span class='ocrx_word' id='word_1_93' title='bbox 153 2356 337 2455; x_wconf 70' lang='lat' dir='ltr'><strong>mandem,</strong></span> <span class='ocrx_word' id='word_1_94' title='bbox 367 2354 499 2454; x_wconf 78' lang='lat' dir='ltr'><strong>habe03</strong></span> <span class='ocrx_word' id='word_1_95' title='bbox 533 2354 619 2426; x_wconf 88' lang='lat' dir='ltr'>nihil</span> <span class='ocrx_word' id='word_1_96' title='bbox 653 2357 747 2427; x_wconf 81' lang='lat' dir='ltr'><strong>enirn</strong></span> <span class='ocrx_word' id='word_1_97' title='bbox 772 2357 1059 2455; x_wconf 87' lang='lat' dir='ltr'><strong>praetermissum</strong></span> <span class='ocrx_word' id='word_1_98' title='bbox 1080 2373 1160 2433; x_wconf 73' lang='lat' dir='ltr'><strong>&#39;este</strong></span> 
     </span>
     <span class='ocr_line' id='line_1_15' title="bbox 154 2482 1162 2584; baseline 0.005 -30"><span class='ocrx_word' id='word_1_99' title='bbox 154 2509 221 2556; x_wconf 90' lang='lat' dir='ltr'><strong>nec</strong></span> <span class='ocrx_word' id='word_1_100' title='bbox 247 2482 343 2584; x_wconf 89' lang='lat' dir='ltr'><strong>quod</strong></span> <span class='ocrx_word' id='word_1_101' title='bbox 368 2508 524 2581; x_wconf 75' lang='lat' dir='ltr'><strong>narrem3</strong></span> <span class='ocrx_word' id='word_1_102' title='bbox 548 2482 634 2555; x_wconf 85' lang='lat' dir='ltr'><strong>novi</strong></span> <span class='ocrx_word' id='word_1_103' title='bbox 659 2483 752 2554; x_wconf 90' lang='lat' dir='ltr'><strong>enim</strong></span> <span class='ocrx_word' id='word_1_104' title='bbox 777 2482 881 2556; x_wconf 91' lang='lat' dir='ltr'>nihil:</span> <span class='ocrx_word' id='word_1_105' title='bbox 906 2502 1001 2556; x_wconf 86' lang='lat' dir='ltr'><strong>nec²</strong></span> <span class='ocrx_word' id='word_1_106' title='bbox 1019 2485 1162 2559; x_wconf 90' lang='lat' dir='ltr'><strong>iocandi</strong></span> 
     </span>
     <span class='ocr_line' id='line_1_16' title="bbox 153 2608 1161 2711; baseline 0.005 -30"><span class='ocrx_word' id='word_1_107' title='bbox 153 2608 252 2682; x_wconf 92' lang='lat' dir='ltr'><strong>locus</strong></span> <span class='ocrx_word' id='word_1_108' title='bbox 279 2623 344 2708; x_wconf 76' lang='lat' dir='ltr'><strong>est5</strong></span> <span class='ocrx_word' id='word_1_109' title='bbox 370 2610 419 2682; x_wconf 86' lang='lat' dir='ltr'><strong>ita</strong></span> <span class='ocrx_word' id='word_1_110' title='bbox 444 2637 501 2681; x_wconf 86' lang='lat' dir='ltr'><strong>nre</strong></span> <span class='ocrx_word' id='word_1_111' title='bbox 527 2608 637 2681; x_wconf 87' lang='lat' dir='ltr'><strong>nrulta</strong></span> <span class='ocrx_word' id='word_1_112' title='bbox 662 2608 847 2683; x_wconf 84' lang='lat' dir='ltr'>solicitant.</span> <span class='ocrx_word' id='word_1_113' title='bbox 865 2610 1021 2711; x_wconf 87' lang='lat' dir='ltr'><strong>Tantum</strong></span> <span class='ocrx_word' id='word_1_114' title='bbox 1040 2627 1161 2686; x_wconf 89' lang='lat' dir='ltr'><strong>tamen</strong></span> 
     </span>
     <span class='ocr_line' id='line_1_17' title="bbox 152 2736 1160 2838; baseline 0.001 -29"><span class='ocrx_word' id='word_1_115' title='bbox 152 2737 261 2836; x_wconf 85' lang='lat' dir='ltr'><strong>scito,</strong></span> <span class='ocrx_word' id='word_1_116' title='bbox 289 2736 410 2809; x_wconf 90' lang='lat' dir='ltr'><strong>Idibus</strong></span> <span class='ocrx_word' id='word_1_117' title='bbox 444 2737 546 2810; x_wconf 89' lang='lat' dir='ltr'><strong>Maiis</strong></span> <span class='ocrx_word' id='word_1_118' title='bbox 580 2762 647 2810; x_wconf 91' lang='lat' dir='ltr'><strong>nos</strong></span> <span class='ocrx_word' id='word_1_119' title='bbox 673 2736 863 2810; x_wconf 75' lang='lat' dir='ltr'><strong>Venusia.³</strong></span> <span class='ocrx_word' id='word_1_120' title='bbox 888 2765 991 2811; x_wconf 86' lang='lat' dir='ltr'><strong>mane</strong></span> <span class='ocrx_word' id='word_1_121' title='bbox 1017 2741 1160 2838; x_wconf 85' lang='lat' dir='ltr'><strong>profici·</strong></span> 
     </span>
     <span class='ocr_line' id='line_1_18' title="bbox 152 2862 1159 2969; baseline 0.008 -36"><span class='ocrx_word' id='word_1_122' title='bbox 152 2863 377 2969; x_wconf 82' lang='lat' dir='ltr'><strong>sc&#39;enteshas</strong></span> <span class='ocrx_word' id='word_1_123' title='bbox 405 2862 551 2936; x_wconf 88' lang='lat' dir='ltr'><strong>dedisse.</strong></span> <span class='ocrx_word' id='word_1_124' title='bbox 581 2865 637 2936; x_wconf 87' lang='lat' dir='ltr'><strong>Eo</strong></span> <span class='ocrx_word' id='word_1_125' title='bbox 665 2877 783 2936; x_wconf 86' lang='lat' dir='ltr'><strong>autem</strong></span> <span class='ocrx_word' id='word_1_126' title='bbox 809 2863 865 2934; x_wconf 91' lang='lat' dir='ltr'><strong>die</strong></span> <span class='ocrx_word' id='word_1_127' title='bbox 892 2864 998 2938; x_wconf 88' lang='lat' dir='ltr'><strong>credo</strong></span> <span class='ocrx_word' id='word_1_128' title='bbox 1025 2865 1159 2968; x_wconf 84' lang='lat' dir='ltr'><strong>aliquid</strong></span> 
     </span>
     <span class='ocr_line' id='line_1_19' title="bbox 152 2989 1161 3090; baseline 0.008 -32"><span class='ocrx_word' id='word_1_129' title='bbox 152 3002 270 3059; x_wconf 88' lang='lat' dir='ltr'><strong>actum</strong></span> <span class='ocrx_word' id='word_1_130' title='bbox 295 2989 333 3059; x_wconf 91' lang='lat' dir='ltr'><strong>in</strong></span> <span class='ocrx_word' id='word_1_131' title='bbox 358 3003 490 3060; x_wconf 87' lang='lat' dir='ltr'><strong>senatu.</strong></span> <span class='ocrx_word' id='word_1_132' title='bbox 524 2990 722 3090; x_wconf 86' lang='lat' dir='ltr'><strong>Sequantur</strong></span> <span class='ocrx_word' id='word_1_133' title='bbox 749 2990 855 3087; x_wconf 87' lang='lat' dir='ltr'><strong>igitur</strong></span> <span class='ocrx_word' id='word_1_134' title='bbox 882 3016 948 3063; x_wconf 90' lang='lat' dir='ltr'><strong>nos</strong></span> <span class='ocrx_word' id='word_1_135' title='bbox 974 3002 1056 3063; x_wconf 88' lang='lat' dir='ltr'><strong>tuae</strong></span> <span class='ocrx_word' id='word_1_136' title='bbox 1081 2992 1161 3066; x_wconf 75' lang='lat' dir='ltr'>lite-</span> 
     </span>
     <span class='ocr_line' id='line_1_20' title="bbox 150 3113 1162 3214; baseline 0.007 -29"><span class='ocrx_word' id='word_1_137' title='bbox 150 3139 228 3212; x_wconf 68' lang='lat' dir='ltr'><strong>rae,</strong></span> <span class='ocrx_word' id='word_1_138' title='bbox 253 3113 379 3214; x_wconf 88' lang='lat' dir='ltr'><strong>quibus</strong></span> <span class='ocrx_word' id='word_1_139' title='bbox 404 3140 477 3186; x_wconf 91' lang='lat' dir='ltr'><strong>non</strong></span> <span class='ocrx_word' id='word_1_140' title='bbox 503 3114 612 3187; x_wconf 87' lang='lat' dir='ltr'><strong>nrodc</strong></span> <span class='ocrx_word' id='word_1_141' title='bbox 639 3141 693 3188; x_wconf 89' lang='lat' dir='ltr'><strong>res</strong></span> <span class='ocrx_word' id='word_1_142' title='bbox 718 3140 855 3214; x_wconf 77' lang='lat' dir='ltr'><strong>omues,</strong></span> <span class='ocrx_word' id='word_1_143' title='bbox 880 3117 944 3190; x_wconf 86' lang='lat' dir='ltr'><strong>sed</strong></span> <span class='ocrx_word' id='word_1_144' title='bbox 969 3119 1078 3192; x_wconf 87' lang='lat' dir='ltr'><strong>etiarn</strong></span> <span class='ocrx_word' id='word_1_145' title='bbox 1103 3146 1162 3192; x_wconf 91' lang='lat' dir='ltr'><strong>ru·</strong></span> 
     </span>
     <span class='ocr_line' id='line_1_21' title="bbox 150 3242 1160 3343; baseline 0.006 -33"><span class='ocrx_word' id='word_1_146' title='bbox 150 3244 267 3311; x_wconf 79' lang='lat' dir='ltr'><strong>n&#39;r&#39;cres</strong></span> <span class='ocrx_word' id='word_1_147' title='bbox 293 3264 554 3339; x_wconf 83' lang='lat' dir='ltr'><strong>cognoscamus.</strong></span> <span class='ocrx_word' id='word_1_148' title='bbox 572 3243 643 3314; x_wconf 88' lang='lat' dir='ltr'><strong>Eas</strong></span> <span class='ocrx_word' id='word_1_149' title='bbox 661 3242 873 3343; x_wconf 84' lang='lat' dir='ltr'><strong>accipiemus</strong></span> <span class='ocrx_word' id='word_1_150' title='bbox 896 3244 1086 3317; x_wconf 83' lang='lat' dir='ltr'><strong>Brundisii.</strong></span> <span class='ocrx_word' id='word_1_151' title='bbox 1104 3245 1160 3318; x_wconf 90' lang='lat' dir='ltr'><strong>Ibi</strong></span> 
     </span>
     <span class='ocr_line' id='line_1_22' title="bbox 150 3365 1162 3472; baseline 0.008 -36"><span class='ocrx_word' id='word_1_152' title='bbox 150 3365 245 3437; x_wconf 88' lang='lat' dir='ltr'><strong>enirn</strong></span> <span class='ocrx_word' id='word_1_153' title='bbox 269 3366 486 3440; x_wconf 88' lang='lat' dir='ltr'><strong>Pomtinium</strong></span> <span class='ocrx_word' id='word_1_154' title='bbox 511 3367 558 3440; x_wconf 84' lang='lat' dir='ltr'><strong>ad</strong></span> <span class='ocrx_word' id='word_1_155' title='bbox 583 3394 661 3440; x_wconf 83' lang='lat' dir='ltr'><strong>earn</strong></span> <span class='ocrx_word' id='word_1_156' title='bbox 687 3368 780 3440; x_wconf 88' lang='lat' dir='ltr'><strong>diem</strong></span> <span class='ocrx_word' id='word_1_157' title='bbox 787 3424 797 3467; x_wconf 70' lang='lat'><strong><em>7</em></strong></span> <span class='ocrx_word' id='word_1_158' title='bbox 823 3397 930 3471; x_wconf 88' lang='lat' dir='ltr'><strong>quarn</strong></span> <span class='ocrx_word' id='word_1_159' title='bbox 955 3384 994 3445; x_wconf 87' lang='lat' dir='ltr'><strong>tu</strong></span> <span class='ocrx_word' id='word_1_160' title='bbox 1019 3372 1162 3472; x_wconf 90' lang='lat' dir='ltr'><strong>scripsi-</strong></span> 
     </span>
     <span class='ocr_line' id='line_1_23' title="bbox 151 3488 1159 3601; baseline 0.01 -39"><span class='ocrx_word' id='word_1_161' title='bbox 151 3493 218 3590; x_wconf 78' lang='lat' dir='ltr'><strong>sti7</strong></span> <span class='ocrx_word' id='word_1_162' title='bbox 242 3508 444 3593; x_wconf 86' lang='lat' dir='ltr'><strong>exspectare</strong></span> <span class='ocrx_word' id='word_1_163' title='bbox 470 3495 655 3568; x_wconf 89' lang='lat' dir='ltr'><strong>consilium</strong></span> <span class='ocrx_word' id='word_1_164' title='bbox 680 3488 741 3568; x_wconf 86' lang='lat' dir='ltr'><strong>est.</strong></span> <span class='ocrx_word' id='word_1_165' title='bbox 768 3495 843 3569; x_wconf 90' lang='lat' dir='ltr'><strong>Nos</strong></span> <span class='ocrx_word' id='word_1_166' title='bbox 869 3497 1032 3596; x_wconf 79' lang='lat' dir='ltr'><strong>Tarenti,</strong></span> <span class='ocrx_word' id='word_1_167' title='bbox 1066 3525 1159 3601; x_wconf 90' lang='lat' dir='ltr'><strong>quos</strong></span> 
     </span>
     <span class='ocr_line' id='line_1_24' title="bbox 151 3620 1159 3726; baseline 0.01 -39"><span class='ocrx_word' id='word_1_168' title='bbox 151 3642 232 3713; x_wconf 75' lang='lat' dir='ltr'><strong>curn</strong></span> <span class='ocrx_word' id='word_1_169' title='bbox 256 3620 430 3721; x_wconf 89' lang='lat' dir='ltr'><strong>Pompeio</strong></span> <span class='ocrx_word' id='word_1_170' title='bbox 455 3623 608 3717; x_wconf 70' lang='grc' dir='ltr'><strong><em>διαλόγους</em></strong></span> <span class='ocrx_word' id='word_1_171' title='bbox 628 3621 672 3695; x_wconf 86' lang='lat' dir='ltr'><strong>de</strong></span> <span class='ocrx_word' id='word_1_172' title='bbox 689 3649 727 3696; x_wconf 89' lang='lat' dir='ltr'><strong>re</strong></span> <span class='ocrx_word' id='word_1_173' title='bbox 744 3622 886 3721; x_wconf 91' lang='lat' dir='ltr'><strong>publica</strong></span> <span class='ocrx_word' id='word_1_174' title='bbox 912 3623 1159 3726; x_wconf 79' lang='lat' dir='ltr'><strong>habuerimus,</strong></span> 
     </span>
     <span class='ocr_line' id='line_1_25' title="bbox 151 3741 1159 3852; baseline 0.01 -38"><span class='ocrx_word' id='word_1_175' title='bbox 151 3741 199 3814; x_wconf 87' lang='lat' dir='ltr'><strong>ad</strong></span> <span class='ocrx_word' id='word_1_176' title='bbox 223 3758 259 3816; x_wconf 86' lang='lat' dir='ltr'><strong>te</strong></span> <span class='ocrx_word' id='word_1_177' title='bbox 283 3747 578 3846; x_wconf 51' lang='lat' dir='ltr'><strong>perscribenruss.</strong></span> <span class='ocrx_word' id='word_1_178' title='bbox 593 3749 660 3820; x_wconf 90' lang='lat' dir='ltr'><strong>etsi</strong></span> <span class='ocrx_word' id='word_1_179' title='bbox 691 3748 729 3819; x_wconf 91' lang='lat' dir='ltr'><strong>id</strong></span> <span class='ocrx_word' id='word_1_180' title='bbox 762 3749 878 3848; x_wconf 89' lang='lat' dir='ltr'><strong>ipsum</strong></span> <span class='ocrx_word' id='word_1_181' title='bbox 895 3750 1001 3843; x_wconf 78' lang='lat' dir='ltr'><strong>¹scirc</strong></span> <span class='ocrx_word' id='word_1_182' title='bbox 1026 3751 1159 3852; x_wconf 80' lang='lat' dir='ltr'><strong>cupio,</strong></span> 
     </span>
     <span class='ocr_line' id='line_1_26' title="bbox 152 3867 1160 3978; baseline 0.009 -36"><span class='ocrx_word' id='word_1_183' title='bbox 152 3870 250 3973; x_wconf 89' lang='lat' dir='ltr'><strong>quod</strong></span> <span class='ocrx_word' id='word_1_184' title='bbox 276 3873 321 3946; x_wconf 88' lang='lat' dir='ltr'><strong>ad</strong></span> <span class='ocrx_word' id='word_1_185' title='bbox 344 3888 486 3976; x_wconf 77' lang='lat' dir='ltr'><strong>tenipus</strong></span> <span class='ocrx_word' id='word_1_186' title='bbox 505 3867 605 3948; x_wconf 78' lang='lat' dir='ltr'><strong>recle</strong></span> <span class='ocrx_word' id='word_1_187' title='bbox 632 3873 678 3948; x_wconf 88' lang='lat' dir='ltr'><strong>ad</strong></span> <span class='ocrx_word' id='word_1_188' title='bbox 705 3886 738 3947; x_wconf 92' lang='lat' dir='ltr'><strong>te</strong></span> <span class='ocrx_word' id='word_1_189' title='bbox 765 3875 916 3950; x_wconf 86' lang='lat' dir='ltr'><strong>scribere</strong></span> <span class='ocrx_word' id='word_1_190' title='bbox 943 3877 1096 3978; x_wconf 85' lang='lat' dir='ltr'><strong>possim,</strong></span> <span class='ocrx_word' id='word_1_191' title='bbox 1121 3879 1160 3953; x_wconf 91' lang='lat' dir='ltr'><strong>id</strong></span> 
     </span>
    </p>
   </div>
   <div class='ocr_carea' id='block_1_9' title="bbox 0 0 1312 4852">
    <p class='ocr_par' dir='ltr' id='par_1_9' title="bbox 0 0 1312 4852">
     <span class='ocr_line' id='line_1_27' title="bbox 0 0 1312 4852; baseline 0 2"><span class='ocrx_word' id='word_1_192' title='bbox 0 0 1312 4852; x_wconf 95' lang='lat' dir='ltr'><strong> </strong></span> 
     </span>
    </p>
   </div>
  </div>
 </body>
</html>
