2616 4852
168 336 239 432 ada
471 356 645 409 errarem
670 358 861 408 ccxxxviii.
950 354 1083 406 avc.
1102 353 1148 414 7⁰³

166 464 430 564 exspectatione
456 465 597 535 maximi
624 461 727 561 belli,
760 487 822 536 rex
846 461 1035 534 Deiotarus
1056 477 1096 560 ¹¹,
1119 464 1173 533 cui

164 616 237 666 non
264 593 339 665 sine
365 601 470 665 causa
495 591 686 693 plurimum
713 616 853 691 semper
877 603 914 662 et
933 614 1035 689 mec,
1053 603 1089 660 et
1105 603 1172 688 tuo,

166 724 202 792 'et
227 733 368 792 senatus
392 719 523 792 iudicio
549 718 721 792 tributum
753 731 824 816 est,
857 716 913 790 vir
941 740 1053 817 quum
1079 708 1190 787 beni·-

166 844 322 919 volentia
347 858 384 918 et
408 845 478 918 fide
512 872 593 945 erga
627 842 800 946 populum
832 845 1033 919 Romanum
1059 844 1191 942 singuN

164 969 250 1072 lari,
275 987 352 1046 tum
376 973 592 1072 praesentia,
617 968 858 1070 magnitudine
878 986 908 1020 ¹²
935 984 971 1043 et
1004 971 1112 1042 animi
1139 995 1191 1042 et

166 1099 326 1199 consilii,
357 1099 491 1198 legatos
525 1099 572 1173 ad
604 1126 661 1172 me
694 1099 806 1199 misit,
839 1124 877 1171 se
903 1124 986 1171 cum
1013 1096 1191 1183 omnibus

164 1226 237 1301 suis
276 1228 388 1327 copiis
414 1227 451 1300 in
476 1253 555 1300 mea
588 1241 702 1300 castra
736 1252 810 1299 esse
836 1239 1036 1300 venturum.
1068 1225 1189 1308 Cuius

163 1333 231 1451 ego
256 1353 375 1426 studio
401 1353 588 1456 officioque
615 1367 830 1452 commotus,
847 1354 902 1451 egi
918 1354 951 1424 ei
968 1378 1034 1452 per
1060 1351 1174 1429 literas

166 1481 310 1580 gratias,
335 1481 441 1582 idque
467 1495 507 1553 ut
531 1493 738 1579 maturaret,
763 1480 924 1554 hortatus
950 1505 1038 1551 sum.
1057 1480 1161 1571 Quum

166 1619 284 1679 autem
310 1607 356 1680 ad
381 1609 547 1707 Cybistra
579 1621 729 1710 propter
760 1607 934 1681 rationem
964 1605 1050 1678 belli
1076 1606 1156 1708 quin·

166 1759 235 1834 que
261 1732 336 1808 dies
362 1761 475 1808 essem
499 1748 674 1808 moratus:
699 1759 817 1832 regem
842 1719 1153 1828 Ariobarzanem¹³,

166 1861 266 1935 cuius
291 1860 441 1935 salutem
467 1890 487 1936 a
513 1876 655 1963 senatu,
688 1874 723 1933 te
757 1876 918 1960 auctore,
947 1855 1153 1933 commend·

164 1999 239 2060 tam
263 1986 457 2090 habebam,
489 1989 735 2089 praesentibus
764 1988 900 2061 insidiis
930 2013 999 2060 nee
1025 1986 1153 2087 opinan-

164 2127 239 2186 tem
263 2113 427 2191 liberavi:
452 2142 567 2218 neque
593 2116 709 2190 solum
734 2117 767 2188 ei
785 2114 972 2213 salutifui3
989 2112 1153 2186 sedetiam

59 2265 61 2268 ·
165 2242 304 2342 erravi,
330 2255 370 2317 ut
395 2269 476 2315 cum
502 2244 713 2316 auctoritate
737 2255 908 2343 regnaret.
935 2243 1105 2337 Metram,
1129 2249 1155 2308 et

43 2354 45 2361 ’
166 2374 265 2468 eum,
284 2393 388 2471 quem
406 2383 445 2441 tu
464 2369 648 2470 diligenter
663 2370 752 2443 mihi
769 2368 1055 2467 commendoms,
1071 2365 1156 2441 Athe

164 2518 314 2596 naeum,
348 2497 617 2601 importunitate
641 2496 849 2571 Athenaidis
869 2495 900 2562 ¹4
932 2495 1054 2569 exsilio
1086 2488 1156 2566 mul·

128 2696 130 2700 ,
164 2635 276 2723 tatos,
302 2625 454 2698 maxima
481 2625 578 2726 apud
611 2651 729 2724 regem
761 2625 971 2698 auctoritate
997 2624 1157 2722 gratiaque

166 2751 341 2824 constitui.
368 2753 558 2854 Quumque
583 2778 751 2851 magnum
776 2750 908 2824 bellum
932 2751 971 2822 in
990 2744 1160 2850 Cappado-

166 2878 221 2950 cia
254 2879 513 2979 concitaretur,
544 2888 574 2952 si
607 2880 773 2953 sacerdos
793 2881 823 2929 ¹5
850 2878 956 2952 armis
987 2903 1046 2976 se,
1079 2870 1162 2976 quod

165 3003 320 3077 facturus
341 3007 550 3108 putabatur,
568 3007 789 3107 defenderet,
807 3005 1012 3079 adolescens
1031 3018 1067 3076 et
1081 3000 1165 3102 equi-

97 3214 102 3219 ,
166 3143 242 3203 tatu
270 3145 305 3202 et
331 3133 492 3232 peditatu
517 3149 553 3207 et
578 3136 728 3235 pecunia
752 3147 913 3236 paratus,
930 3127 967 3204 et
984 3145 1063 3205 toto
1078 3128 1170 3224 iis¹⁶,

167 3259 227 3358 qui
251 3259 377 3332 novari
402 3260 534 3363 aliquid
559 3261 747 3336 volebant:
777 3261 931 3370 perfeci,
956 3273 998 3331 ut
1024 3285 1043 3330 e
1069 3277 1172 3355 regno

165 3381 224 3454 ille
251 3383 462 3487 discederet,
495 3414 625 3489 rexque
652 3389 727 3460 siue
754 3387 923 3484 tumultu,
954 3413 996 3459 ac
1022 3385 1096 3458 sine
1118 3406 1184 3451 ar‘

165 3511 250 3610 miS,
275 3514 372 3585 omni
394 3517 602 3588 auctoritate
620 3516 720 3588 aulae
738 3514 1191 3610 communita1⁷,regnun1

166 3663 248 3710 cum
267 3638 436 3739 dignitate
454 3642 637 3716 obtineret.
653 3645 793 3716 Interea
811 3643 967 3740 cognovi
984 3639 1191 3712 multorum

132 3852 134 3855 Ι
165 3762 273 3837 literis
301 3779 405 3867 atque
431 3771 580 3867 nuntiis,
598 3797 742 3868 magnas
759 3769 974 3844 Parthorum
1001 3767 1115 3866 copias
1130 3767 1191 3830 <3²

165 3889 338 3991 Arabum,
365 3895 411 3967 ad
437 3897 611 3997 oppidum
634 3897 859 3972 Antiochiam
884 3895 1085 3990 accessisse,
1100 3907 1191 3960 ma
