2632 4860
270 314 344 408 428
635 335 909 388 tunorlmouns

668 545 875 610 CCXXXVll.

277 785 289 824 1
310 762 508 836 Publicanos,
528 765 581 843 qui
601 761 765 843 bithyniae·
782 759 941 841 vectigalia
960 758 1163 820 redemerant.

273 893 292 932 a
311 872 381 931 Rec.
407 871 519 931 Tamen
537 872 559 931 ii
576 881 605 953 q.
625 891 648 931 r.
669 869 780 949 agitur,
798 889 898 951 quum.

274 941 426 1049 3‘Mutta,
446 988 481 1038 ut
499 976 764 1039 commendatiores
770 1021 782 1052 ,
801 975 1042 1050 beniuolentiam,
1060 995 1200 1057 operam,
1211 997 1276 1057 pre-

313 1088 398 1157 tium,
419 1084 554 1158 laudem,
564 1084 709 1166 ,adeoque
728 1105 786 1167 pro
807 1083 880 1144 dare
894 1084 999 1157 elicui3
1015 1084 1099 1164 quod
1114 1093 1160 1144 est
1170 1082 1276 1164 gratii-

235 1211 243 1253 s
313 1195 391 1264 curi3
403 1214 450 1275 ep.
470 1192 621 1255 DCXLV.
641 1194 763 1253 Dicitur
776 1191 1020 1266 absoluteessetiam
1034 1191 1115 1251 infra
1129 1213 1177 1274 ep.
1189 1191 1277 1262 DXI,

312 1302 439 1378 Quintil.
459 1302 532 1373 XII,
557 1321 568 1360 1
593 1321 641 1360 22.
663 1300 740 1360 Cum
761 1301 885 1360 nomine
906 1298 939 1359 C.
959 1299 1060 1381 Nepos
1074 1299 1180 1382 Attq
1203 1297 1277 1368 Gon-

293 1411 409 1476 ¹trario
430 1429 518 1468 sensu
540 1429 635 1489 aeque
659 1410 793 1489 praecise
818 1409 945 1489 ponitur
964 1408 1043 1466 inter
1063 1405 1126 1466 alia
1145 1404 1276 1466 invidere.

314 1515 443 1591 Cortius.
464 1516 582 1576 Tamen
608 1515 765 1576 Ernestlus
791 1525 821 1576 et
846 1525 917 1598 post
942 1535 1013 1574 eum
1035 1513 1172 1574 Clericus
1193 1512 1276 1573 addi-

314 1624 424 1685 derunt
450 1624 587 1696 inultum,
610 1623 805 1704 feceruntque
829 1623 953 1684 multum
975 1642 1092 1704 semper
1112 1621 1132 1681 L
1154 1633 1173 1681 t.
1199 1622 1275 1682 Tum

314 1732 480 1815 Lambinus
500 1730 589 1815 idque
605 1752 661 1812 pro
681 1732 801 1812 nmguis.

270 1839 295 1916 -4
315 1840 452 1901 Correxit
472 1838 630 1900 Schiitzius
648 1841 750 1921 prime
769 1849 861 1898 estet
880 1838 1022 1899 mxima
1044 1838 1079 1896 ln
1099 1837 1224 1918 vulgata
1236 1836 1275 1896 le·

207 1951 208 1954 ’
313 1950 412 2008 ctione
431 1950 499 2008 iure
518 1946 645 2008 offendit
664 1946 839 2006 Ernestium
860 1944 1044 2006 vocabulum
1065 1964 1160 2025 pers3
1178 1947 1275 2025 itaquo

311 2056 397 2114 uncis
417 2054 532 2113 inclusi.
559 2053 618 2112 Sed
639 2054 729 2113 etiam
749 2053 888 2124 societas,
908 2037 1056 2124 societati,
1076 2053 1216 2112 societate
1239 2048 1274 2114 ad

312 2163 479 2221 satietatem
492 2170 563 2220 sunt
574 2160 732 2220 inculcata.
754 2159 909 2232 Ceterum,
922 2161 1021 2241 iuquit
1035 2156 1166 2231 Schiitz,
1180 2156 1274 2219 ordine

311 2287 374 2326 non
394 2266 432 2327 de
453 2266 560 2328 ordine
580 2269 711 2349 equestri
735 2269 822 2346 (nem
849 2287 953 2328 omnes
979 2264 1138 2349 publicani
1165 2267 1273 2347 equites

312 2377 429 2454 erant),
450 2374 502 2435 sed
522 2374 560 2434 de
579 2374 741 2455 dignitate,
761 2396 823 2457 qua
843 2374 918 2435 haec
939 2376 1065 2434 societas
1092 2376 1200 2434 ceteris
1225 2393 1272 2432 an-

223 2527 227 2532 .
311 2480 484 2553 tecellebat,
507 2481 744 2562 intelligendum.
773 2484 856 2542 Tum
882 2484 972 2542 tacite
1000 2480 1082 2542 idem
1112 2479 1223 2540 Scbiitz
1248 2489 1273 2538 et

311 2587 413 2649 ordine
433 2591 495 2671 ipso
515 2602 546 2650 et
564 2592 591 2648 lt.
611 2611 654 2669 g,
676 2602 782 2652 contra
802 2588 905 2650 libros.
926 2588 1002 2649 Lall
1024 2611 1051 2649 o.
1072 2590 1091 2648 i.
1113 2603 1144 2650 et
1163 2590 1191 2649 h.
1209 2609 1235 2668 g.

273 2694 293 2756 5
312 2695 420 2757 Plures
440 2708 525 2757 erant
535 2697 774 2779 ,publicanorum
789 2700 961 2768 societates,
976 2696 1089 2777 quibus
1105 2718 1142 2757 ex
1155 2693 1267 2778 singulis

313 2807 438 2864 societas
457 2804 619 2886 Bithynice
639 2807 735 2864 socios
756 2803 933 2864 adsciverat.
954 2803 1082 2863 Lallem.

272 2909 293 2970 6
313 2912 395 2988 Quia
415 2894 565 2992 Magister¹
579 2923 624 2971 est
644 2915 674 2970 in
696 2932 731 2971 ea
751 2914 902 2971 societate.
923 2909 1042 2970 Manat.

274 3039 291 3097 7
312 3017 400 3077 Cives
420 3039 497 3078 rom.
518 3040 537 3078 a
556 3017 638 3078 tribu
659 3019 775 3078 ostendi
800 3018 898 3090 soliti,
920 3038 998 3099 quae
1027 3017 1155 3098 quidem
1180 3015 1261 3076 tribus

310 3124 511 3205 plaerumque
538 3128 570 3184 in
598 3129 730 3206 antiquis
758 3137 789 3185 et
813 3123 963 3206 lapidibus
992 3135 1023 3184 et
1048 3123 1153 3196 libris,
1179 3127 1260 3207 prima

311 3241 429 3291 tantum
450 3230 568 3312 syllaba
589 3235 700 3314 scripta
720 3234 839 3314 legitur.
860 3232 940 3293 Hinc
961 3231 1043 3292 Men.
1066 3244 1113 3293 est
1140 3229 1257 3291 Menenia

311 3336 402 3397 tribu.
422 3337 502 3399 viae
515 3339 595 3399 Man.
617 3340 656 3399 aa
676 3361 723 3421 ep.
745 3339 915 3411 ccxxm,
937 3340 964 3400 3.
989 3339 1099 3400 eme.
1120 3322 1190 3399 Em}
1204 3334 1255 3396 Me·

311 3446 414 3517 nenia,
433 3444 541 3506 Lamb.
562 3446 639 3520 Au,
659 3446 689 3507 h.
711 3469 737 3507 e.
758 3447 890 3507 Aniensi.

272 3547 292 3611 8
312 3550 462 3628 Quaestor
483 3556 613 3614 enimin
636 3554 739 3615 Sicilia
760 3555 859 3616 fuerat
881 3555 995 3616 Cicero.
1018 3553 1136 3615 Manat.
