2616 4852
507 345 677 393 EPISTULA
698 348 781 395 ‚cett
933 345 963 390 Α.
984 348 1014 392 V.
1035 346 1063 392 C.
1085 358 1133 403 7⁰2

534 581 536 584 ⁴
599 574 704 646 CCII.
904 613 1136 675 (subiturus)

150 757 374 831 Argumentum.
399 772 409 808 1
434 749 592 809 Messalam
615 753 734 836 nuntiat
756 749 943 820 absolutum,
963 754 1089 832 eiusque
1111 752 1160 810 de·

189 859 338 917 leasorem
362 857 557 917 Hortensium
579 880 597 916 a
619 858 734 940 populo
756 858 833 916 male
862 869 1031 940 acceptum.
1059 879 1076 916 a
1099 859 1160 917 ltd-

189 965 233 1022 dit
253 963 401 1044 quaedam
423 964 460 1023 de
482 986 513 1024 re
534 963 671 1046 publica,
686 963 766 1023 etde
788 966 848 1023 suis
866 966 895 1022 iu
911 964 1067 1024 aedilitate
1081 942 1162 1023 com-¹

192 1069 377 1152 petitoribus.

303 1299 357 1351 Ser.
379 1297 474 1349 Romae
492 1299 524 1350 Δ.
544 1295 575 1348 V.
593 1297 619 1349 C
642 1295 756 1360 necti,
774 1313 861 1348 mense
879 1298 1004 1366 Quintili.

439 1504 606 1569 CAELIVS
632 1503 822 1568 CICERONI
847 1508 897 1568 S.-

180 1745 219 1807 ..1
251 1716 373 1812 Certe,
396 1705 558 1813 inquam,
583 1710 765 1786 absolutus
782 1725 836 1784 est
851 1728 862 1762 ¹
876 1740 887 1810 3
903 1738 960 1789 me
977 1727 1165 1812 praesente

152 1842 420 1944 pronuntiatum
446 1854 516 1939 est,
533 1852 569 1911 et
588 1838 731 1939 quidem
748 1838 912 1912 omnibus
937 1839 1127 1934 ordinibus
1141 1856 1167 1938 ²,

153 1984 189 2043 et
213 1967 358 2068 singulis
383 1968 420 2039 in
448 1991 664 2066 unoquoque
691 1964 815 2038 ordine
849 1967 1044 2039 sententiis.
1070 1966 1163 2039 Vide

152 2095 280 2195 modo,
303 2095 420 2195 inquis
433 2094 458 2164 ³.
483 2092 584 2189 Non,
608 2091 833 2165 mehercules.
858 2092 1074 2166 Nihilenim
1092 2118 1174 2186 um-¹

153 2246 260 2323 quam
286 2235 360 2293 tam
384 2233 525 2319 praeter
550 2219 774 2319 opinionem,
803 2234 877 2292 tam
903 2218 1001 2322 quod
1028 2219 1165 2294 videre·

153 2362 212 2421 tur
237 2346 400 2420 omnibus
426 2346 631 2445 iudignum,
655 2346 801 2419 accidit:
823 2347 919 2439 Quin
946 2372 1030 2446 ego,
1057 2372 1165 2448 quum

152 2500 220 2574 pro
245 2474 399 2546 amicitia
432 2471 645 2546 validissime
680 2471 832 2547 faverem
866 2475 917 2570 ei,
950 2488 986 2546 et
1012 2452 1070 2546 riae
1094 2475 1166 2547 'iam

157 2599 203 2672 ad
229 2600 422 2674 dolendum
448 2626 726 2701 praeparassem:
744 2614 935 2702 postquam
953 2599 1088 2674 sactum
1108 2580 1170 2712 est,

153 2728 338 2828 obstupui,
363 2743 400 2800 et
426 2727 511 2799 mihi
537 2728 632 2800 visus
659 2754 736 2800 sum
763 2741 888 2827 captus
914 2754 989 2800 esse
1005 2725 1031 2799 4.
1068 2725 1168 2818 Quid

154 2855 240 2928 alios
266 2855 396 2955 putasl
422 2854 643 2929 Clamoribus
678 2854 812 2926 scilicet
846 2855 1007 2926 maximis
1033 2853 1170 2926 iudices

154 2983 423 3081 corripuerunt,
449 2997 485 3053 et
510 2981 763 3079 ostenderunt,
795 2975 901 3081 plane
935 3007 1036 3084 esse,
1069 2980 1167 3082 quod

154 3107 235 3179 ferri
266 3133 339 3179 non
373 3121 502 3207 posset.
542 3110 665 3206 Itaque
704 3107 845 3180 relictus
867 3107 953 3216 ‘lege
985 3108 1124 3180 Licinia
1143 3108 1173 3205 ⁵,

154 3234 285 3305 maiore
312 3260 386 3306 esse
412 3231 569 3333 periculo
597 3232 745 3306 videtur.
771 3235 928 3307 Accessit
954 3233 1044 3333 huc,
1073 3228 1175 3336 quod

155 3359 326 3457 postridie
353 3360 427 3430 eius
455 3358 747 3466 absolutionem⁶
772 3362 809 3433 in
835 3339 1014 3433 theatrum
1042 3362 1174 3434 Curio-

154 3486 208 3556 nis
233 3486 471 3565 Horteusiust
498 3487 651 3586 introiit,
680 3502 769 3587 puto
804 3502 844 3561 ut
869 3514 971 3560 suum
998 3486 1169 3584 gaudium

156 3610 394 3707 gauderemus.
421 3613 488 3685 Hic
516 3614 579 3686 tibi
604 3620 792 3714 strepitus,
804 3613 998 3714 fremitus,
1027 3615 1174 3687 clamor

156 3741 367 3822 tonitruum,
385 3752 420 3809 et
438 3741 628 3812 rudentum
655 3740 781 3814 sibilus
794 3744 818 3812 ⁸.
845 3742 923 3814 Hoc
949 3742 1067 3839 magis
1097 3741 1176 3813 aui-

157 3861 378 3936 madversum
414 3880 482 3966 est7
516 3868 610 3968 quod
645 3870 797 3942 intactus
830 3865 1012 3942 asibiloc
1036 3894 1169 3969 *perre-
