2616 4852
163 302 233 404 noo
479 335 649 387 errsrotu
675 337 825 387 ccxxvn.
935 334 966 385 t.
984 339 1020 388 v.
1039 341 1067 388 c.
1086 354 1133 402 ,ω

160 442 341 517 moderere
365 438 551 540 prudentia
576 452 653 539 ωας
683 464 727 510 ne
759 453 796 510 te
825 436 981 511 auferant
1008 441 1158 517 aliorum

161 569 313 643 consilia.
345 566 458 640 Nemo
491 579 561 665 est,
593 566 653 666 qui
686 564 753 636 tibi
785 565 977 663 sapientius
1012 567 1159 643 suadere

159 696 271 794 possit
296 686 331 777 te
355 695 450 793 ipso5
483 717 675 792 numquam
709 688 848 789 labere,
877 690 906 762 si
932 704 967 764 te
993 692 1116 766 audies
1135 672 1158 766 ³.

158 820 241 893 Non
265 817 380 892 scribo
405 817 474 891 hoc
499 831 642 890 temere:
670 815 725 888 cui
752 808 919 915 scribam,
936 802 1159 918 videojnovi

158 947 331 1044 animum,
355 945 440 1017 novi
473 943 659 1017 consilium
691 956 811 1042 tuum3
846 968 918 1015 non
944 969 1092 1043 vereor,
1116 972 1155 1025 ne

159 1071 245 1173 quid
270 1068 409 1168 timide,
440 1096 485 1142 ne
511 1069 598 1170 quid
621 1067 728 1142 stulte
753 1068 882 1167 facias,
913 1068 944 1140 si
961 1096 1015 1152 ,ea
1041 1070 1154 1147 defen·

159 1196 242 1296 des,
269 1221 357 1297 quae
381 1197 456 1295 ipse
480 1209 576 1268 recta
602 1195 839 1270 essesenties.
866 1195 974 1286 Quod
999 1197 1037 1267 in
1054 1196 1093 1269 id
1109 1199 1150 1270 rei

158 1321 320 1423 publicae
344 1321 513 1422 tempust
535 1346 610 1394 non
635 1316 814 1420 incideris,
839 1321 902 1393 sed
927 1323 1065 1396 veneris
1090 1324 1151 1412 (iu

159 1447 252 1521 dicio
277 1448 370 1519 enim
394 1462 473 1547 tuo,
490 1468 563 1519 non
588 1474 670 1519 casu
696 1448 733 1519 in
757 1449 882 1547 ipsum·
899 1447 1088 1520 discrimen
1107 1476 1151 1522 re

158 1601 236 1647 rum
261 1572 438 1647 contulisti
463 1573 681 1647 tribunatum
706 1585 835 1673 tuum),
856 1574 1017 1673 profecto
1043 1575 1148 1647 vides:

158 1713 288 1802 quanta
312 1701 366 1775 vis
390 1702 428 1771 in
459 1727 497 1773 re
529 1699 670 1801 publica
704 1714 904 1800 temporum
936 1701 998 1799 sit,
1027 1715 1149 1802 quanta

157 1827 307 1899 varietas
332 1852 464 1926 rerum,
489 1853 594 1928 qnam
619 1827 744 1899 incerti
769 1827 881 1899 exitus
894 1827 920 1924 ⁵,
937 1854 1044 1928 quarn
1064 1827 1146 1901 flexi·

155 1949 243 2024 biles
267 1951 450 2025 hominum
475 1951 690 2026 voluntates:
717 1953 803 2053 quid
828 1952 1050 2052 insidiarum,
1071 1953 1147 2055 quid

154 2075 320 2150 'vanitatis
344 2078 383 2149 in
407 2077 496 2175 vita,
521 2102 594 2150 non
622 2076 762 2176 dubito,
789 2078 873 2179 quin
898 2079 1042 2176 cogites.
1068 2079 1147 2178 Sed,

156 2201 283 2275 amabo
308 2215 363 2301 te,
395 2228 478 2274 cura
510 2216 546 2274 et
579 2204 695 2301 cogita
719 2203 807 2298 nihil
831 2203 915 2277 novi
932 2207 958 2302 ⁶,
983 2204 1047 2277 sed
1071 2203 1150 2300 illud

155 2327 273 2427 idem⁷
297 2325 393 2427 quod
418 2327 517 2400 initio
543 2329 684 2428 scripsi:
709 2342 825 2400 tecum
850 2328 1010 2430 loquere5
1037 2343 1073 2403 te
1098 2329 1148 2403 ad·

157 2450 238 2524 hibe
262 2452 300 2524 in
326 2452 530 2551 consilium3⁸
559 2467 603 2524 te
626 2453 729 2553 audi5
761 2453 827 2526 tibi
851 2453 1067 2553 obtempera.
1095 2453 1157 2544 At

156 2578 252 2650 terit
279 2580 338 2679 qui
362 2578 484 2651 melius
512 2578 593 2651 dare
619 2579 802 2652 consilium
827 2581 958 2679 possit>
980 2608 1085 2682 quam
1101 2596 1150 2679 tu,

155 2729 229 2777 non
259 2704 358 2781 facile
389 2706 538 2780 inveniri
573 2717 713 2804 potest3
750 2704 816 2776 tibi
847 2731 932 2779 vero
964 2708 1035 2807 ipsi
1064 2722 1149 2780 certe

155 2856 260 2904 nemo
285 2830 407 2905 melius
433 2831 538 2904 dabit.
563 2831 622 2904 Dii
646 2829 875 2905 immortales!
902 2859 964 2905 cur
990 2813 1056 2931 ego
1081 2860 1148 2906 non

156 2955 308 3029 adsum⁸
332 2956 389 3031 vel
413 2972 592 3057 spectator
616 2956 758 3029 laudum
786 2970 941 3056 tuarum,
967 2958 1025 3031 vel
1051 2941 1150 3059 parti·

156 3106 238 3182 ceps
245 3137 256 3180 7
281 3081 337 3153 vel
362 3086 492 3182 socius,
517 3082 574 3156 vel
600 3084 757 3156 minister
783 3083 1030 3157 consiliorum?
1053 3087 1148 3157 Tam-

155 3207 253 3278 ersis
277 3205 346 3279 hoc
371 3208 513 3280 minime
539 3209 602 3281 tibi
630 3209 744 3308 deest3
770 3208 833 3281 sed
858 3224 978 3282 tamen
1003 3211 1150 3283 efficeret

154 3330 422 3429 magnitudoet
446 3335 652 3409 vis'amoris
678 3336 764 3435 mei,
790 3335 936 3409 consilio
963 3352 998 3409 te
1016 3351 1057 3408 ut
1073 3334 1152 3437 pos-'

154 3481 228 3529 sem
253 3459 381 3531 iuvare.

205 3609 225 3656 2
253 3583 414 3685 scribam*
435 3588 480 3661 ad
506 3603 540 3661 te
566 3586 666 3688 plura
693 3587 786 3661 alias.
814 3589 940 3661 Paucis
967 3589 1061 3662 enim
1085 3588 1147 3659 'die

151 3705 217 3782 bus
248 3735 354 3802 eram·
382 3714 548 3799 missurus
586 3715 799 3798 domesticos
835 3713 1056 3813 tabellarios,-
1091 3726 1144 3808 nt,

151 3834 316 3933 quoniam
353 3865 435 3912 sane
472 3839 641 3933 feliciter,
676 3855 712 3913 et
745 3869 787 3913 ex
821 3865 897 3913 mea
919 3857 945 3890 ¹⁰
980 3839 1139 3914 sententia
