2616 4852
438 346 475 393 sn
500 346 691 396 saissonis
714 328 717 342 '
994 327 1066 404 335

492 553 632 615 uxum.

61 790 72 828 ι
96 765 207 827 Lamb.
228 787 245 826 e
264 786 325 849 quo
344 768 405 828 iam
424 788 608 829 emerseram.
764 815 767 825 .

58 895 75 933 2
97 876 223 956 Legati3
245 874 314 935 vide
334 895 404 957 epp.
425 875 625 949 CLXXXIV,
640 876 682 953 43
703 885 734 937 et
754 874 849 937 CXCI
870 887 927 939 ext.

58 983 77 1040 3
99 980 169 1041 Hoc
187 992 249 1054 est,
265 981 409 1043 idonecm
428 981 637 1065 tempestatem
659 982 698 1042 nd
718 983 936 1065 navigandum.

58 1089 79 1165 4
101 1087 172 1149 Hoc
190 1089 318 1162 scilicet,
338 1088 423 1171 quod
442 1092 597 1171 temnitur,
617 1088 656 1151 de
676 1089 801 1152 Milone.

59 1193 165 1255 5Per
193 1196 296 1257 literas
327 1196 438 1257 delevit
464 1194 650 1269 Sehsuius,-
664 1197 766 1279 quod,
793 1213 889 1278 quum
920 1198 1071 1261 Massiliae

100 1304 135 1362 in
154 1303 259 1363 exsilio
279 1314 356 1364 esset
376 1304 470 1376 Milo,
488 1306 555 1365 iem·
571 1320 627 1365 sua
650 1314 758 1387 sponte
776 1305 980 1387 intelligutur,
1000 1322 1072 1368 eum

100 1429 158 1493 per
175 1409 277 1473 literas
296 1421 438 1493 quiestnm
459 1430 525 1472 esse
543 1411 627 1495 opud
646 1415 770 1473 amicos.
785 1413 825 1474 tt
843 1415 930 1495 queri
950 1424 1072 1497 poterat
1163 1438 1166 1447 ¹

99 1539 158 1601 per
178 1518 311 1600 aliquem
333 1518 523 1580 familiarem.

58 1626 81 1687 6
101 1625 251 1688 Solebant
268 1626 399 1688 Romani
421 1630 450 1688 in
471 1628 727 1710 negotiationibus
751 1639 782 1690 et
812 1631 1001 1690 commerciis
1025 1632 1071 1691 uti

100 1733 281 1794 libertorum
309 1756 433 1825 opera,¹
449 1746 484 1796 ut
511 1747 640 1819 apparet
659 1757 694 1796 ex
716 1733 882 1796 Plutarcho
903 1736 934 1794 in
956 1735 1071 1797 Catone

100 1843 235 1915 maiore,
256 1852 286 1902 et
305 1842 370 1903 aliis
392 1843 494 1903 multis
515 1842 701 1903 auctoribus.
721 1842 768 1902 Ea
789 1842 827 1902 de
848 1863 938 1902 causa
965 1842 1071 1903 Cicero

100 1947 160 2010 sibi
181 1951 297 2010 socium
318 1948 457 2010 inbonis
478 1951 600 2010 Milonis
621 1949 801 2010 adiunxerat
816 1947 1015 2010 Philotimum
1036 1948 1073 2009 lis

101 2056 226 2117 bertum
249 2058 321 2140 (ep.
341 2054 512 2148 0131111111,
536 2061 585 2137 ι),
606 2076 703 2140 quum
724 2077 761 2117 ea
782 2056 822 2116 eb
842 2055 929 2116 basta
949 2065 1072 2117 emeret.

101 2160 231 2227 Emerot
249 2174 354 2226 antem
375 2159 417 2244 (a
442 2163 538 2238 fisco,
551 2206 553 2210 «
568 2166 626 2227 cui
647 2183 683 2225 ex
711 2163 907 2226 damnatione
930 2162 1073 2224 devoluta

102 2275 220 2353 erunt),
242 2292 282 2333 ne
302 2286 338 2332 ea
356 2274 467 2333 emtori
487 2272 588 2333 alieno
609 2268 837 2343 addicerentur,
856 2267 917 2330 boc
937 2281 997 2342 est,
1009 2291 1072 2330 non

101 2380 203 2438 amico
223 2389 258 2439 et
274 2396 337 2438 non
356 2378 498 2440 familiari
517 2381 614 2462 ipsius
633 2376 765 2439 Milonis.
795 2379 868 2456 Quo
888 2377 967 2438 lucto
986 2377 1073 2438 futu·

100 2478 172 2545 runs
193 2495 279 2557 erat,
299 2495 334 2545 ut
353 2485 428 2546 Milo
449 2486 555 2547 multis
577 2487 764 2568 mancipiis,
787 2503 866 2566 quae
891 2505 995 2545 secum
1016 2483 1073 2544 ab·

102 2592 249 2664 duserat,
269 2593 555 2676 spolisretm.'llem
576 2610 613 2655 es
639 2600 740 2653 emtor
759 2592 873 2652 chessus
892 2590 953 2650 sibi
973 2591 1073 2651 vindi-

19 2691 26 2703 ’
80 2709 381 2782 casseu-tanquam
393 2699 449 2760 sibi
465 2698 637 2783 mancipata
658 2717 729 2759 cum
750 2699 856 2759 cetenis
876 2697 960 2758 illius
970 2695 1073 2771 bonis;

102 2807 189 2888 quod
207 2826 402 2889 nequaquam
427 2807 562 2869 lecturus
594 2817 660 2868 erut
686 2805 890 2876 Philotimus,
913 2805 1017 2885 quiin
1038 2823 1075 2871 ea

103 2935 137 2974 re
156 2913 236 2974 nihil
255 2912 366 2996 agebat
383 2916 442 2975 nisi
463 2916 619 2977 Ciceronis
639 2913 772 2976 consilio.
783 2909 908 2972 -Bou'us,
926 2910 1073 2993 Videep.

103 3016 220 3094 CClll,
241 3038 268 3081 n.
461 3016 463 3022 ’
734 3020 735 3024 ’

69 3149 82 3207 7
103 3129 150 3188 lta
169 3129 245 3188 Dec.
261 3128 351 3189 Bosii.
365 3129 405 3189 At
418 3127 602 3203 Lambinus,
615 3124 689 3189 Bru.
704 3127 801 3189 nauhu
818 3137 934 3208 emptor
951 3125 1076 3199 alienus,

102 3254 161 3317 pro
181 3236 309 3318 vulgato
330 3231 439 3297 vitioso
460 3231 497 3296 nl.
519 3234 615 3296 emtor
631 3236 747 3296 albasio.
774 3266 776 3271 ·
822 3276 824 3281 -

69 3339 86 3402 8
104 3337 182 3404 Milo
202 3345 235 3402 in
255 3341 392 3404 exsilium
407 3344 571 3404 Massiliam
586 3342 691 3404 abiens
702 3341 937 3426 ‹Faustae-uxori
953 3347 1077 3399 caverat

103 3449 141 3510 de
161 3450 248 3526 dote3
269 3467 348 3533 quae
368 3454 471 3511 cautio
492 3463 527 3512 nt
541 3462 608 3511 reta
622 3460 715 3522 esset,
730 3450 836 3510 Cicero
851 3445 1078 3508 etPhilotimus

104 3555 186 3618 bona
205 3559 270 3618 eius
291 3552 330 3617 ab
351 3557 437 3618 basta
458 3569 540 3618 emta
560 3566 785 3640 occupaverant
801 3557 905 3615 animo
918 3554 1078 3613 restituen-

105 3664 145 3724 di.
169 3664 284 3724 Fausta
313 3662 392 3726 haec
418 3675 465 3727 est
489 3663 552 3726 filia
578 3667 614 3724 L.
643 3659 749 3724 Snllne
780 3661 955 3733 dictatoris,
987 3676 1077 3720 soros·

108 3771 221 3832 Fausti.
243 3773 367 3855 Popma.
1027 3765 1030 3768 Δ

75 3896 94 3954 ς]
109 3876 211 3960 Vulgo
230 3899 299 3940 esse
312 3880 463 3955 volitum,-
476 3880 527 3944 sed
544 3895 713 3962 numquam
734 3877 846 3940 dicitur
865 3886 984 3938 cautum
1005 3871 1078 3932 velte
1179 3880 1181 3884 “
