<?xml version="1.0" encoding="UTF-8"?>
<!DOCTYPE html PUBLIC "-//W3C//DTD XHTML 1.0 Transitional//EN"
    "http://www.w3.org/TR/xhtml1/DTD/xhtml1-transitional.dtd">
<html xmlns="http://www.w3.org/1999/xhtml" xml:lang="en" lang="en">
 <head>
  <title>
</title>
<meta http-equiv="Content-Type" content="text/html;charset=utf-8" />
  <meta name='ocr-system' content='tesseract 3.04.00' />
  <meta name='ocr-capabilities' content='ocr_page ocr_carea ocr_par ocr_line ocrx_word'/>
</head>
<body>
  <div class='ocr_page' id='page_1' title='image "./mtulliiciceroni02cicegoog_0175.png"; bbox 0 0 2616 4852; ppageno 0'>
   <div class='ocr_carea' id='block_1_1' title="bbox 71 343 1149 1560">
    <p class='ocr_par' dir='ltr' id='par_1_1' title="bbox 71 343 1149 1560">
     <span class='ocr_line' id='line_1_1' title="bbox 169 343 1135 430; baseline -0.006 -31"><span class='ocrx_word' id='word_1_1' title='bbox 169 354 236 430; x_wconf 87' lang='lat'><strong>¹7⁰</strong></span> <span class='ocrx_word' id='word_1_2' title='bbox 491 344 662 394; x_wconf 77' lang='lat' dir='ltr'><strong>urrsrom</strong></span> <span class='ocrx_word' id='word_1_3' title='bbox 688 345 812 394; x_wconf 80' lang='lat' dir='ltr'><strong>ccxxii.</strong></span> <span class='ocrx_word' id='word_1_4' title='bbox 937 343 968 390; x_wconf 75' lang='grc' dir='ltr'><strong>Α,</strong></span> <span class='ocrx_word' id='word_1_5' title='bbox 987 347 1021 394; x_wconf 87' lang='lat' dir='ltr'><strong>v.</strong></span> <span class='ocrx_word' id='word_1_6' title='bbox 1041 347 1070 392; x_wconf 88' lang='lat' dir='ltr'><strong>c.</strong></span> <span class='ocrx_word' id='word_1_7' title='bbox 1089 359 1135 407; x_wconf 76' lang='lat'><strong>7⁰²</strong></span> 
     </span>
     <span class='ocr_line' id='line_1_2' title="bbox 161 447 1149 557; baseline -0.003 -32"><span class='ocrx_word' id='word_1_8' title='bbox 161 453 306 551; x_wconf 77' lang='lat' dir='ltr'>gratiam</span> <span class='ocrx_word' id='word_1_9' title='bbox 332 462 433 549; x_wconf 85' lang='lat' dir='ltr'><strong>putet</strong></span> <span class='ocrx_word' id='word_1_10' title='bbox 459 447 570 520; x_wconf 86' lang='lat' dir='ltr'><strong>redire</strong></span> <span class='ocrx_word' id='word_1_11' title='bbox 596 473 715 547; x_wconf 85' lang='lat' dir='ltr'><strong>posse:</strong></span> <span class='ocrx_word' id='word_1_12' title='bbox 745 471 818 517; x_wconf 93' lang='lat' dir='ltr'><strong>non</strong></span> <span class='ocrx_word' id='word_1_13' title='bbox 844 460 1001 518; x_wconf 81' lang='lat' dir='ltr'><strong>nostram</strong></span> <span class='ocrx_word' id='word_1_14' title='bbox 1026 448 1057 520; x_wconf 91' lang='lat' dir='ltr'><strong>is</strong></span> <span class='ocrx_word' id='word_1_15' title='bbox 1083 474 1149 557; x_wconf 77' lang='lat' dir='ltr'><strong>pcr-</strong></span> 
     </span>
     <span class='ocr_line' id='line_1_3' title="bbox 160 574 1148 676; baseline -0.002 -25"><span class='ocrx_word' id='word_1_16' title='bbox 160 579 279 652; x_wconf 84' lang='lat' dir='ltr'><strong>fidiam</strong></span> <span class='ocrx_word' id='word_1_17' title='bbox 305 576 478 675; x_wconf 75' lang='lat' dir='ltr'>coarguit,</span> <span class='ocrx_word' id='word_1_18' title='bbox 504 574 566 647; x_wconf 85' lang='lat' dir='ltr'><strong>sed</strong></span> <span class='ocrx_word' id='word_1_19' title='bbox 591 574 724 647; x_wconf 83' lang='lat' dir='ltr'><strong>indicat</strong></span> <span class='ocrx_word' id='word_1_20' title='bbox 749 600 864 672; x_wconf 74' lang='lat' dir='ltr'><strong>suam,</strong></span> <span class='ocrx_word' id='word_1_21' title='bbox 889 575 1065 676; x_wconf 88' lang='lat' dir='ltr'><strong>simulque</strong></span> <span class='ocrx_word' id='word_1_22' title='bbox 1089 602 1148 649; x_wconf 82' lang='lat' dir='ltr'><strong>nor</strong></span> 
     </span>
     <span class='ocr_line' id='line_1_4' title="bbox 161 700 1148 802; baseline -0.003 -24"><span class='ocrx_word' id='word_1_23' title='bbox 161 705 204 779; x_wconf 89' lang='lat' dir='ltr'><strong>de</strong></span> <span class='ocrx_word' id='word_1_24' title='bbox 230 730 286 777; x_wconf 84' lang='lat' dir='ltr'><strong>ine</strong></span> <span class='ocrx_word' id='word_1_25' title='bbox 311 704 340 775; x_wconf 91' lang='lat' dir='ltr'><strong>is</strong></span> <span class='ocrx_word' id='word_1_26' title='bbox 365 701 482 802; x_wconf 75' lang='lat' dir='ltr'><strong>peius,</strong></span> <span class='ocrx_word' id='word_1_27' title='bbox 500 727 604 802; x_wconf 85' lang='lat' dir='ltr'><strong>quam</strong></span> <span class='ocrx_word' id='word_1_28' title='bbox 631 701 674 774; x_wconf 89' lang='lat' dir='ltr'><strong>de</strong></span> <span class='ocrx_word' id='word_1_29' title='bbox 701 715 736 772; x_wconf 86' lang='lat' dir='ltr'><strong>te</strong></span> <span class='ocrx_word' id='word_1_30' title='bbox 761 700 943 773; x_wconf 82' lang='lat' dir='ltr'><strong>existimat.</strong></span> <span class='ocrx_word' id='word_1_31' title='bbox 962 702 1024 773; x_wconf 88' lang='lat' dir='ltr'><strong>Sin</strong></span> <span class='ocrx_word' id='word_1_32' title='bbox 1043 717 1148 775; x_wconf 83' lang='lat' dir='ltr'><strong>auten</strong></span> 
     </span>
     <span class='ocr_line' id='line_1_5' title="bbox 160 827 1148 933; baseline -0.002 -30"><span class='ocrx_word' id='word_1_33' title='bbox 160 858 263 933; x_wconf 88' lang='lat' dir='ltr'><strong>quem</strong></span> <span class='ocrx_word' id='word_1_34' title='bbox 275 833 305 896; x_wconf 74' lang='lat'><strong>³7</strong></span> <span class='ocrx_word' id='word_1_35' title='bbox 324 855 401 901; x_wconf 87' lang='lat' dir='ltr'><strong>mea</strong></span> <span class='ocrx_word' id='word_1_36' title='bbox 428 828 586 901; x_wconf 86' lang='lat' dir='ltr'><strong>instituta</strong></span> <span class='ocrx_word' id='word_1_37' title='bbox 610 829 648 899; x_wconf 93' lang='lat' dir='ltr'><strong>in</strong></span> <span class='ocrx_word' id='word_1_38' title='bbox 673 827 855 927; x_wconf 83' lang='lat' dir='ltr'><strong>provincia</strong></span> <span class='ocrx_word' id='word_1_39' title='bbox 873 853 946 899; x_wconf 93' lang='lat' dir='ltr'><strong>non</strong></span> <span class='ocrx_word' id='word_1_40' title='bbox 964 827 1148 909; x_wconf 86' lang='lat' dir='ltr'><strong>delectant</strong></span> 
     </span>
     <span class='ocr_line' id='line_1_6' title="bbox 159 953 1148 1058; baseline -0.003 -30"><span class='ocrx_word' id='word_1_41' title='bbox 159 973 194 1030; x_wconf 86' lang='lat' dir='ltr'><strong>et</strong></span> <span class='ocrx_word' id='word_1_42' title='bbox 226 955 379 1058; x_wconf 85' lang='lat' dir='ltr'><strong>quadam</strong></span> <span class='ocrx_word' id='word_1_43' title='bbox 412 953 695 1027; x_wconf 83' lang='lat' dir='ltr'><strong>dissimilitudine</strong></span> <span class='ocrx_word' id='word_1_44' title='bbox 727 954 969 1026; x_wconf 85' lang='lat' dir='ltr'><strong>institutorum</strong></span> <span class='ocrx_word' id='word_1_45' title='bbox 1002 980 1148 1027; x_wconf 86' lang='lat' dir='ltr'><strong>meorum</strong></span> 
     </span>
     <span class='ocr_line' id='line_1_7' title="bbox 159 1081 1148 1181; baseline -0.003 -25"><span class='ocrx_word' id='word_1_46' title='bbox 159 1110 199 1157; x_wconf 88' lang='lat' dir='ltr'><strong>ac</strong></span> <span class='ocrx_word' id='word_1_47' title='bbox 226 1097 364 1156; x_wconf 90' lang='lat' dir='ltr'><strong>tuorum</strong></span> <span class='ocrx_word' id='word_1_48' title='bbox 390 1081 482 1154; x_wconf 87' lang='lat' dir='ltr'><strong>laedi</strong></span> <span class='ocrx_word' id='word_1_49' title='bbox 516 1107 553 1154; x_wconf 92' lang='lat' dir='ltr'><strong>se</strong></span> <span class='ocrx_word' id='word_1_50' title='bbox 586 1095 689 1181; x_wconf 86' lang='lat' dir='ltr'><strong>putat</strong></span> <span class='ocrx_word' id='word_1_51' title='bbox 707 1083 749 1178; x_wconf 80' lang='lat'><strong>³⁸,</strong></span> <span class='ocrx_word' id='word_1_52' title='bbox 782 1107 890 1181; x_wconf 90' lang='lat' dir='ltr'><strong>quum</strong></span> <span class='ocrx_word' id='word_1_53' title='bbox 922 1093 1072 1181; x_wconf 85' lang='lat' dir='ltr'><strong>uterque</strong></span> <span class='ocrx_word' id='word_1_54' title='bbox 1096 1106 1148 1153; x_wconf 89' lang='lat' dir='ltr'><strong>no·</strong></span> 
     </span>
     <span class='ocr_line' id='line_1_8' title="bbox 159 1193 1148 1307; baseline -0.001 -27"><span class='ocrx_word' id='word_1_55' title='bbox 159 1222 268 1282; x_wconf 89' lang='lat' dir='ltr'><strong>strum</strong></span> <span class='ocrx_word' id='word_1_56' title='bbox 294 1223 387 1282; x_wconf 87' lang='lat' dir='ltr'><strong>recte</strong></span> <span class='ocrx_word' id='word_1_57' title='bbox 412 1208 551 1307; x_wconf 85' lang='lat' dir='ltr'><strong>lecerit,</strong></span> <span class='ocrx_word' id='word_1_58' title='bbox 582 1208 645 1280; x_wconf 89' lang='lat' dir='ltr'><strong>sed</strong></span> <span class='ocrx_word' id='word_1_59' title='bbox 670 1234 743 1281; x_wconf 92' lang='lat' dir='ltr'><strong>non</strong></span> <span class='ocrx_word' id='word_1_60' title='bbox 768 1193 1037 1307; x_wconf 50' lang='lat' dir='ltr'><strong>idem&#39;uterque</strong></span> <span class='ocrx_word' id='word_1_61' title='bbox 1062 1232 1148 1279; x_wconf 84' lang='lat' dir='ltr'><strong>secu</strong></span> 
     </span>
     <span class='ocr_line' id='line_1_9' title="bbox 159 1333 1148 1433; baseline -0.005 -25"><span class='ocrx_word' id='word_1_62' title='bbox 159 1350 215 1409; x_wconf 92' lang='lat' dir='ltr'><strong>tus</strong></span> <span class='ocrx_word' id='word_1_63' title='bbox 240 1337 305 1409; x_wconf 93' lang='lat' dir='ltr'><strong>sit:</strong></span> <span class='ocrx_word' id='word_1_64' title='bbox 338 1334 433 1408; x_wconf 91' lang='lat' dir='ltr'><strong>hunc</strong></span> <span class='ocrx_word' id='word_1_65' title='bbox 460 1361 524 1433; x_wconf 83' lang='lat' dir='ltr'><strong>ego</strong></span> <span class='ocrx_word' id='word_1_66' title='bbox 552 1335 702 1409; x_wconf 83' lang='lat' dir='ltr'><strong>amicum</strong></span> <span class='ocrx_word' id='word_1_67' title='bbox 727 1333 857 1406; x_wconf 86' lang='lat' dir='ltr'><strong>habere</strong></span> <span class='ocrx_word' id='word_1_68' title='bbox 880 1359 955 1406; x_wconf 93' lang='lat' dir='ltr'><strong>non</strong></span> <span class='ocrx_word' id='word_1_69' title='bbox 981 1358 1077 1406; x_wconf 91' lang='lat' dir='ltr'><strong>curo.</strong></span> <span class='ocrx_word' id='word_1_70' title='bbox 1101 1333 1148 1407; x_wconf 88' lang='lat' dir='ltr'><strong>Li·</strong></span> 
     </span>
     <span class='ocr_line' id='line_1_10' title="bbox 71 1460 1148 1560; baseline -0.002 -28"><span class='ocrx_word' id='word_1_71' title='bbox 71 1504 72 1511; x_wconf 37' lang='lat'><em>*</em></span> <span class='ocrx_word' id='word_1_72' title='bbox 156 1461 318 1544; x_wconf 84' lang='lat' dir='ltr'><strong>beralitus</strong></span> <span class='ocrx_word' id='word_1_73' title='bbox 357 1476 434 1560; x_wconf 84' lang='lat' dir='ltr'><strong>tua,</strong></span> <span class='ocrx_word' id='word_1_74' title='bbox 470 1475 511 1533; x_wconf 84' lang='lat' dir='ltr'><strong>ut</strong></span> <span class='ocrx_word' id='word_1_75' title='bbox 543 1461 695 1533; x_wconf 91' lang='lat' dir='ltr'><strong>hominis</strong></span> <span class='ocrx_word' id='word_1_76' title='bbox 727 1460 951 1558; x_wconf 76' lang='lat' dir='ltr'><strong>nobilissimi,</strong></span> <span class='ocrx_word' id='word_1_77' title='bbox 983 1460 1089 1532; x_wconf 85' lang='lat' dir='ltr'><strong>latius</strong></span> <span class='ocrx_word' id='word_1_78' title='bbox 1120 1461 1148 1530; x_wconf 90' lang='lat' dir='ltr'><strong>in</strong></span> 
     </span>
    </p>
   </div>
   <div class='ocr_carea' id='block_1_2' title="bbox 157 1574 1148 1815">
    <p class='ocr_par' dir='ltr' id='par_1_2' title="bbox 157 1574 1148 1815">
     <span class='ocr_line' id='line_1_11' title="bbox 159 1574 1148 1689; baseline -0.005 -28"><span class='ocrx_word' id='word_1_79' title='bbox 159 1589 340 1687; x_wconf 88' lang='lat' dir='ltr'><strong>provincia</strong></span> <span class='ocrx_word' id='word_1_80' title='bbox 365 1589 481 1688; x_wconf 86' lang='lat' dir='ltr'><strong>patuit</strong></span> <span class='ocrx_word' id='word_1_81' title='bbox 498 1593 547 1657; x_wconf 80' lang='lat'><strong>³9:</strong></span> <span class='ocrx_word' id='word_1_82' title='bbox 580 1602 700 1660; x_wconf 85' lang='lat' dir='ltr'><strong>nostra</strong></span> <span class='ocrx_word' id='word_1_83' title='bbox 729 1588 757 1660; x_wconf 94' lang='lat' dir='ltr'><strong>si</strong></span> <span class='ocrx_word' id='word_1_84' title='bbox 784 1588 962 1689; x_wconf 81' lang='lat' dir='ltr'><strong>angustior</strong></span> <span class='ocrx_word' id='word_1_85' title='bbox 987 1601 1042 1660; x_wconf 86' lang='lat' dir='ltr'><strong>est</strong></span> <span class='ocrx_word' id='word_1_86' title='bbox 1067 1574 1148 1675; x_wconf 77' lang='lat' dir='ltr'><strong>(etsi</strong></span> 
     </span>
     <span class='ocr_line' id='line_1_12' title="bbox 157 1710 1148 1815; baseline -0.001 -29"><span class='ocrx_word' id='word_1_87' title='bbox 157 1715 201 1787; x_wconf 91' lang='lat' dir='ltr'><strong>de</strong></span> <span class='ocrx_word' id='word_1_88' title='bbox 227 1730 286 1787; x_wconf 87' lang='lat' dir='ltr'><strong>tua</strong></span> <span class='ocrx_word' id='word_1_89' title='bbox 304 1714 446 1815; x_wconf 82' lang='lat' dir='ltr'><strong>prolixa</strong></span> <span class='ocrx_word' id='word_1_90' title='bbox 470 1715 696 1815; x_wconf 86' lang='lat' dir='ltr'><strong>beneficaque</strong></span> <span class='ocrx_word' id='word_1_91' title='bbox 722 1728 848 1787; x_wconf 86' lang='lat' dir='ltr'><strong>natura</strong></span> <span class='ocrx_word' id='word_1_92' title='bbox 872 1713 1009 1787; x_wconf 82' lang='lat' dir='ltr'><strong>limavit</strong></span> <span class='ocrx_word' id='word_1_93' title='bbox 1028 1710 1148 1812; x_wconf 86' lang='lat' dir='ltr'><strong>aliquid</strong></span> 
     </span>
    </p>
   </div>
   <div class='ocr_carea' id='block_1_3' title="bbox 129 1839 1147 2443">
    <p class='ocr_par' dir='ltr' id='par_1_3' title="bbox 129 1839 1147 2443">
     <span class='ocr_line' id='line_1_13' title="bbox 129 1839 1147 1941; baseline -0.003 -29"><span class='ocrx_word' id='word_1_94' title='bbox 129 1861 131 1865; x_wconf 84' lang='grc'><strong>’</strong></span> <span class='ocrx_word' id='word_1_95' title='bbox 155 1843 330 1940; x_wconf 80' lang='lat' dir='ltr'><strong>posterior</strong></span> <span class='ocrx_word' id='word_1_96' title='bbox 356 1868 484 1940; x_wconf 84' lang='lat' dir='ltr'><strong>annus,</strong></span> <span class='ocrx_word' id='word_1_97' title='bbox 502 1845 650 1941; x_wconf 76' lang='lat' dir='ltr'><strong>propter</strong></span> <span class='ocrx_word' id='word_1_98' title='bbox 670 1839 858 1941; x_wconf 83' lang='lat' dir='ltr'><strong>quamdam</strong></span> <span class='ocrx_word' id='word_1_99' title='bbox 882 1839 1058 1911; x_wconf 85' lang='lat' dir='ltr'><strong>tristitiam</strong></span> <span class='ocrx_word' id='word_1_100' title='bbox 1074 1853 1147 1921; x_wconf 85' lang='lat' dir='ltr'><strong>tem·</strong></span> 
     </span>
     <span class='ocr_line' id='line_1_14' title="bbox 154 1966 1144 2067; baseline -0.005 -27"><span class='ocrx_word' id='word_1_101' title='bbox 154 1994 281 2066; x_wconf 88' lang='lat' dir='ltr'><strong>porum</strong></span> <span class='ocrx_word' id='word_1_102' title='bbox 292 1966 363 2067; x_wconf 72' lang='lat'><strong>4⁰),</strong></span> <span class='ocrx_word' id='word_1_103' title='bbox 390 1994 462 2039; x_wconf 91' lang='lat' dir='ltr'><strong>non</strong></span> <span class='ocrx_word' id='word_1_104' title='bbox 490 1967 619 2039; x_wconf 85' lang='lat' dir='ltr'><strong>debent</strong></span> <span class='ocrx_word' id='word_1_105' title='bbox 645 1967 761 2039; x_wconf 85' lang='lat' dir='ltr'><strong>mirari</strong></span> <span class='ocrx_word' id='word_1_106' title='bbox 787 1967 963 2063; x_wconf 91' lang='lat' dir='ltr'><strong>homines,</strong></span> <span class='ocrx_word' id='word_1_107' title='bbox 989 1987 1097 2066; x_wconf 86' lang='lat' dir='ltr'><strong>quum·</strong></span> <span class='ocrx_word' id='word_1_108' title='bbox 1116 1977 1144 2035; x_wconf 89' lang='lat' dir='ltr'><strong>et</strong></span> 
     </span>
     <span class='ocr_line' id='line_1_15' title="bbox 154 2091 1140 2193; baseline -0.003 -30"><span class='ocrx_word' id='word_1_109' title='bbox 154 2108 278 2165; x_wconf 85' lang='lat' dir='ltr'><strong>natura</strong></span> <span class='ocrx_word' id='word_1_110' title='bbox 312 2119 451 2193; x_wconf 86' lang='lat' dir='ltr'><strong>semper</strong></span> <span class='ocrx_word' id='word_1_111' title='bbox 488 2092 533 2165; x_wconf 80' lang='lat' dir='ltr'><strong>ad</strong></span> <span class='ocrx_word' id='word_1_112' title='bbox 565 2092 783 2191; x_wconf 83' lang='lat' dir='ltr'><strong>largiendum</strong></span> <span class='ocrx_word' id='word_1_113' title='bbox 816 2112 858 2163; x_wconf 86' lang='lat' dir='ltr'><strong>ex</strong></span> <span class='ocrx_word' id='word_1_114' title='bbox 890 2091 1140 2163; x_wconf 21' lang='lat' dir='ltr'><strong>alienotsuerin</strong></span> 
     </span>
     <span class='ocr_line' id='line_1_16' title="bbox 154 2217 1138 2320; baseline -0.003 -31"><span class='ocrx_word' id='word_1_115' title='bbox 154 2219 362 2316; x_wconf 76' lang='lat' dir='ltr'><strong>restrictior,</strong></span> <span class='ocrx_word' id='word_1_116' title='bbox 388 2233 423 2290; x_wconf 85' lang='lat' dir='ltr'><strong>et</strong></span> <span class='ocrx_word' id='word_1_117' title='bbox 449 2219 684 2320; x_wconf 77' lang='lat' dir='ltr'><strong>temporibus,</strong></span> <span class='ocrx_word' id='word_1_118' title='bbox 715 2218 841 2320; x_wconf 88' lang='lat' dir='ltr'><strong>quibus</strong></span> <span class='ocrx_word' id='word_1_119' title='bbox 868 2217 926 2290; x_wconf 86' lang='lat' dir='ltr'><strong>alii</strong></span> <span class='ocrx_word' id='word_1_120' title='bbox 951 2230 1138 2315; x_wconf 73' lang='lat' dir='ltr'><strong>moventur,</strong></span> 
     </span>
     <span class='ocr_line' id='line_1_17' title="bbox 152 2343 560 2443; baseline 0.002 -27"><span class='ocrx_word' id='word_1_121' title='bbox 152 2343 278 2416; x_wconf 87' lang='lat' dir='ltr'><strong>iisdem</strong></span> <span class='ocrx_word' id='word_1_122' title='bbox 304 2371 368 2442; x_wconf 85' lang='lat' dir='ltr'><strong>ego</strong></span> <span class='ocrx_word' id='word_1_123' title='bbox 394 2371 560 2443; x_wconf 85' lang='lat' dir='ltr'><strong>movear,</strong></span> 
     </span>
    </p>
   </div>
   <div class='ocr_carea' id='block_1_4' title="bbox 246 2540 1053 2612">
    <p class='ocr_par' dir='ltr' id='par_1_4' title="bbox 246 2540 1053 2612">
     <span class='ocr_line' id='line_1_18' title="bbox 246 2540 1053 2612; baseline -0.001 -13"><span class='ocrx_word' id='word_1_124' title='bbox 246 2541 315 2600; x_wconf 89' lang='lat' dir='ltr'><strong>med</strong></span> <span class='ocrx_word' id='word_1_125' title='bbox 337 2563 399 2600; x_wconf 89' lang='lat' dir='ltr'><strong>esse</strong></span> <span class='ocrx_word' id='word_1_126' title='bbox 420 2541 562 2600; x_wconf 87' lang='lat' dir='ltr'><strong>acerbum</strong></span> <span class='ocrx_word' id='word_1_127' title='bbox 585 2541 661 2612; x_wconf 88' lang='lat' dir='ltr'><strong>sibi,</strong></span> <span class='ocrx_word' id='word_1_128' title='bbox 681 2553 716 2602; x_wconf 89' lang='lat' dir='ltr'><strong>ut</strong></span> <span class='ocrx_word' id='word_1_129' title='bbox 737 2544 791 2601; x_wconf 89' lang='lat' dir='ltr'><strong>sim</strong></span> <span class='ocrx_word' id='word_1_130' title='bbox 813 2541 908 2600; x_wconf 89' lang='lat' dir='ltr'><strong>dulcis</strong></span> <span class='ocrx_word' id='word_1_131' title='bbox 931 2540 1004 2600; x_wconf 82' lang='lat' dir='ltr'><strong>milri</strong></span> <span class='ocrx_word' id='word_1_132' title='bbox 1018 2545 1053 2600; x_wconf 68' lang='lat'><strong>41.</strong></span> 
     </span>
    </p>
   </div>
   <div class='ocr_carea' id='block_1_5' title="bbox 151 2715 1136 3576">
    <p class='ocr_par' dir='ltr' id='par_1_5' title="bbox 151 2715 1136 3576">
     <span class='ocr_line' id='line_1_19' title="bbox 204 2715 1133 2820; baseline 0 -32"><span class='ocrx_word' id='word_1_133' title='bbox 204 2745 223 2788; x_wconf 88' lang='lat'>2</span> <span class='ocrx_word' id='word_1_134' title='bbox 251 2719 303 2790; x_wconf 87' lang='lat' dir='ltr'><strong>De</strong></span> <span class='ocrx_word' id='word_1_135' title='bbox 329 2718 434 2811; x_wconf 86' lang='lat' dir='ltr'><strong>rebus</strong></span> <span class='ocrx_word' id='word_1_136' title='bbox 461 2719 602 2792; x_wconf 81' lang='lat' dir='ltr'><strong>urbanis</strong></span> <span class='ocrx_word' id='word_1_137' title='bbox 629 2720 726 2820; x_wconf 89' lang='lat' dir='ltr'><strong>quod</strong></span> <span class='ocrx_word' id='word_1_138' title='bbox 743 2747 799 2792; x_wconf 89' lang='lat' dir='ltr'><strong>me</strong></span> <span class='ocrx_word' id='word_1_139' title='bbox 817 2720 1003 2792; x_wconf 88' lang='lat' dir='ltr'><strong>certiorem</strong></span> <span class='ocrx_word' id='word_1_140' title='bbox 1026 2715 1133 2810; x_wconf 78' lang='lat' dir='ltr'><strong>fecisti,</strong></span> 
     </span>
     <span class='ocr_line' id='line_1_20' title="bbox 153 2841 1134 2946; baseline -0.005 -31"><span class='ocrx_word' id='word_1_141' title='bbox 153 2870 261 2944; x_wconf 86' lang='lat' dir='ltr'><strong>quum</strong></span> <span class='ocrx_word' id='word_1_142' title='bbox 285 2872 349 2944; x_wconf 87' lang='lat' dir='ltr'><strong>per</strong></span> <span class='ocrx_word' id='word_1_143' title='bbox 374 2873 410 2919; x_wconf 89' lang='lat' dir='ltr'><strong>se</strong></span> <span class='ocrx_word' id='word_1_144' title='bbox 437 2845 524 2917; x_wconf 88' lang='lat' dir='ltr'><strong>mihi</strong></span> <span class='ocrx_word' id='word_1_145' title='bbox 551 2860 687 2943; x_wconf 82' lang='lat' dir='ltr'><strong>gratum</strong></span> <span class='ocrx_word' id='word_1_146' title='bbox 713 2846 792 2944; x_wconf 87' lang='lat' dir='ltr'><strong>suit,</strong></span> <span class='ocrx_word' id='word_1_147' title='bbox 826 2860 902 2918; x_wconf 85' lang='lat' dir='ltr'><strong>turn</strong></span> <span class='ocrx_word' id='word_1_148' title='bbox 928 2845 1024 2946; x_wconf 89' lang='lat' dir='ltr'><strong>quod</strong></span> <span class='ocrx_word' id='word_1_149' title='bbox 1049 2841 1134 2940; x_wconf 83' lang='lat' dir='ltr'><strong>signi·</strong></span> 
     </span>
     <span class='ocr_line' id='line_1_21' title="bbox 151 2967 1135 3067; baseline -0.004 -27"><span class='ocrx_word' id='word_1_150' title='bbox 151 2969 280 3067; x_wconf 84' lang='lat' dir='ltr'><strong>ficasti,</strong></span> <span class='ocrx_word' id='word_1_151' title='bbox 315 2970 379 3042; x_wconf 91' lang='lat' dir='ltr'><strong>tibi</strong></span> <span class='ocrx_word' id='word_1_152' title='bbox 412 2973 530 3043; x_wconf 84' lang='lat' dir='ltr'><strong>omnia</strong></span> <span class='ocrx_word' id='word_1_153' title='bbox 565 2997 644 3044; x_wconf 88' lang='lat' dir='ltr'><strong>mea</strong></span> <span class='ocrx_word' id='word_1_154' title='bbox 676 2971 841 3044; x_wconf 86' lang='lat' dir='ltr'><strong>mandata</strong></span> <span class='ocrx_word' id='word_1_155' title='bbox 868 2997 971 3044; x_wconf 82' lang='lat' dir='ltr'><strong>curae</strong></span> <span class='ocrx_word' id='word_1_156' title='bbox 996 2970 1076 3043; x_wconf 89' lang='lat' dir='ltr'><strong>fore.</strong></span> <span class='ocrx_word' id='word_1_157' title='bbox 1103 2967 1135 3038; x_wconf 91' lang='lat' dir='ltr'><strong>ln</strong></span> 
     </span>
     <span class='ocr_line' id='line_1_22' title="bbox 152 3093 1134 3198; baseline 0.001 -35"><span class='ocrx_word' id='word_1_158' title='bbox 152 3093 277 3192; x_wconf 91' lang='lat' dir='ltr'><strong>quibus</strong></span> <span class='ocrx_word' id='word_1_159' title='bbox 303 3121 412 3168; x_wconf 89' lang='lat' dir='ltr'><strong>unum</strong></span> <span class='ocrx_word' id='word_1_160' title='bbox 437 3096 524 3169; x_wconf 91' lang='lat' dir='ltr'><strong>illud</strong></span> <span class='ocrx_word' id='word_1_161' title='bbox 558 3111 593 3169; x_wconf 89' lang='lat' dir='ltr'><strong>te</strong></span> <span class='ocrx_word' id='word_1_162' title='bbox 625 3098 813 3198; x_wconf 86' lang='lat' dir='ltr'><strong>praecipue</strong></span> <span class='ocrx_word' id='word_1_163' title='bbox 840 3123 924 3197; x_wconf 83' lang='lat' dir='ltr'><strong>rogo</strong></span> <span class='ocrx_word' id='word_1_164' title='bbox 933 3154 942 3195; x_wconf 89' lang='lat'><strong>,</strong></span> <span class='ocrx_word' id='word_1_165' title='bbox 968 3110 1008 3169; x_wconf 88' lang='lat' dir='ltr'><strong>ut</strong></span> <span class='ocrx_word' id='word_1_166' title='bbox 1033 3119 1134 3192; x_wconf 87' lang='lat' dir='ltr'><strong>cures,</strong></span> 
     </span>
     <span class='ocr_line' id='line_1_23' title="bbox 151 3220 1136 3323; baseline 0 -33"><span class='ocrx_word' id='word_1_167' title='bbox 151 3245 195 3290; x_wconf 90' lang='lat' dir='ltr'><strong>ne</strong></span> <span class='ocrx_word' id='word_1_168' title='bbox 221 3220 308 3320; x_wconf 91' lang='lat' dir='ltr'><strong>quid</strong></span> <span class='ocrx_word' id='word_1_169' title='bbox 333 3222 419 3293; x_wconf 90' lang='lat' dir='ltr'><strong>mihi</strong></span> <span class='ocrx_word' id='word_1_170' title='bbox 445 3223 584 3295; x_wconf 83' lang='lat' dir='ltr'><strong>adhoc</strong></span> <span class='ocrx_word' id='word_1_171' title='bbox 610 3225 743 3323; x_wconf 81' lang='lat' dir='ltr'><strong>negotii</strong></span> <span class='ocrx_word' id='word_1_172' title='bbox 769 3239 829 3296; x_wconf 86' lang='lat' dir='ltr'><strong>aut</strong></span> <span class='ocrx_word' id='word_1_173' title='bbox 855 3224 970 3297; x_wconf 88' lang='lat' dir='ltr'><strong>oneris</strong></span> <span class='ocrx_word' id='word_1_174' title='bbox 991 3221 1136 3314; x_wconf 83' lang='lat' dir='ltr'><strong>accedat,</strong></span> 
     </span>
     <span class='ocr_line' id='line_1_24' title="bbox 152 3342 1136 3451; baseline 0 -36"><span class='ocrx_word' id='word_1_175' title='bbox 152 3358 211 3416; x_wconf 84' lang='lat' dir='ltr'><strong>aut</strong></span> <span class='ocrx_word' id='word_1_176' title='bbox 237 3348 405 3446; x_wconf 90' lang='lat' dir='ltr'><strong>temporis</strong></span> <span class='ocrx_word' id='word_1_177' title='bbox 422 3346 472 3447; x_wconf 70' lang='lat'><strong>42,</strong></span> <span class='ocrx_word' id='word_1_178' title='bbox 504 3349 820 3451; x_wconf 85' lang='lat' dir='ltr'><strong>Hortensiumque,</strong></span> <span class='ocrx_word' id='word_1_179' title='bbox 853 3342 1014 3431; x_wconf 82' lang='lat' dir='ltr'><strong>nostrum</strong></span> <span class='ocrx_word' id='word_1_180' title='bbox 1048 3344 1136 3419; x_wconf 88' lang='lat' dir='ltr'><strong>colle·</strong></span> 
     </span>
     <span class='ocr_line' id='line_1_25' title="bbox 151 3473 1135 3576; baseline 0 -36"><span class='ocrx_word' id='word_1_181' title='bbox 151 3495 230 3566; x_wconf 83' lang='lat' dir='ltr'><strong>gem</strong></span> <span class='ocrx_word' id='word_1_182' title='bbox 257 3486 292 3544; x_wconf 90' lang='lat' dir='ltr'><strong>et</strong></span> <span class='ocrx_word' id='word_1_183' title='bbox 317 3473 537 3574; x_wconf 85' lang='lat' dir='ltr'><strong>familiarem,</strong></span> <span class='ocrx_word' id='word_1_184' title='bbox 570 3502 693 3576; x_wconf 83' lang='lat' dir='ltr'><strong>roges,</strong></span> <span class='ocrx_word' id='word_1_185' title='bbox 726 3491 786 3575; x_wconf 86' lang='lat' dir='ltr'><strong>ut,</strong></span> <span class='ocrx_word' id='word_1_186' title='bbox 820 3477 850 3548; x_wconf 92' lang='lat' dir='ltr'><strong>si</strong></span> <span class='ocrx_word' id='word_1_187' title='bbox 882 3493 1135 3575; x_wconf 79' lang='lat' dir='ltr'><strong>umquammee</strong></span> 
     </span>
    </p>
   </div>
   <div class='ocr_carea' id='block_1_6' title="bbox 44 3600 1136 3702">
    <p class='ocr_par' dir='ltr' id='par_1_6' title="bbox 44 3600 1136 3702">
     <span class='ocr_line' id='line_1_26' title="bbox 44 3600 1136 3702; baseline 0.005 -38"><span class='ocrx_word' id='word_1_188' title='bbox 44 3625 46 3628; x_wconf 94' lang='lat'>·</span> <span class='ocrx_word' id='word_1_189' title='bbox 151 3621 254 3669; x_wconf 83' lang='lat' dir='ltr'><strong>causa</strong></span> <span class='ocrx_word' id='word_1_190' title='bbox 281 3601 467 3702; x_wconf 80' lang='lat' dir='ltr'><strong>quicquain</strong></span> <span class='ocrx_word' id='word_1_191' title='bbox 493 3617 553 3674; x_wconf 84' lang='lat' dir='ltr'><strong>aut</strong></span> <span class='ocrx_word' id='word_1_192' title='bbox 578 3604 702 3700; x_wconf 85' lang='lat' dir='ltr'><strong>sensit,</strong></span> <span class='ocrx_word' id='word_1_193' title='bbox 725 3616 786 3674; x_wconf 83' lang='lat' dir='ltr'><strong>aut</strong></span> <span class='ocrx_word' id='word_1_194' title='bbox 806 3602 902 3701; x_wconf 87' lang='lat' dir='ltr'><strong>fecit,</strong></span> <span class='ocrx_word' id='word_1_195' title='bbox 922 3602 967 3674; x_wconf 87' lang='lat' dir='ltr'><strong>de</strong></span> <span class='ocrx_word' id='word_1_196' title='bbox 984 3600 1051 3672; x_wconf 85' lang='lat' dir='ltr'><strong>hac</strong></span> <span class='ocrx_word' id='word_1_197' title='bbox 1068 3619 1136 3699; x_wconf 87' lang='lat' dir='ltr'><strong>quo·</strong></span> 
     </span>
    </p>
   </div>
   <div class='ocr_carea' id='block_1_7' title="bbox 151 3727 1138 3926">
    <p class='ocr_par' dir='ltr' id='par_1_7' title="bbox 151 3727 1138 3926">
     <span class='ocr_line' id='line_1_27' title="bbox 151 3727 1138 3829; baseline 0.018 -49"><span class='ocrx_word' id='word_1_198' title='bbox 151 3747 218 3820; x_wconf 84' lang='lat' dir='ltr'><strong>que</strong></span> <span class='ocrx_word' id='word_1_199' title='bbox 243 3727 414 3799; x_wconf 78' lang='lat' dir='ltr'><strong>sententia</strong></span> <span class='ocrx_word' id='word_1_200' title='bbox 440 3728 533 3801; x_wconf 85' lang='lat' dir='ltr'><strong>bima</strong></span> <span class='ocrx_word' id='word_1_201' title='bbox 544 3727 577 3794; x_wconf 74' lang='lat'><strong>4³</strong></span> <span class='ocrx_word' id='word_1_202' title='bbox 596 3728 760 3826; x_wconf 70' lang='lat' dir='ltr'><strong>decedat,</strong></span> <span class='ocrx_word' id='word_1_203' title='bbox 780 3755 847 3829; x_wconf 82' lang='lat' dir='ltr'><strong>qua</strong></span> <span class='ocrx_word' id='word_1_204' title='bbox 872 3728 959 3800; x_wconf 90' lang='lat' dir='ltr'><strong>nihil</strong></span> <span class='ocrx_word' id='word_1_205' title='bbox 986 3727 1069 3798; x_wconf 79' lang='lat' dir='ltr'><strong>milli</strong></span> <span class='ocrx_word' id='word_1_206' title='bbox 1084 3745 1138 3822; x_wconf 76' lang='lat' dir='ltr'><strong>p0&#39;</strong></span> 
     </span>
     <span class='ocr_line' id='line_1_28' title="bbox 151 3853 525 3926; baseline 0.029 -12"><span class='ocrx_word' id='word_1_207' title='bbox 151 3858 219 3917; x_wconf 87' lang='lat' dir='ltr'><strong>test</strong></span> <span class='ocrx_word' id='word_1_208' title='bbox 246 3876 319 3921; x_wconf 89' lang='lat' dir='ltr'><strong>esse</strong></span> <span class='ocrx_word' id='word_1_209' title='bbox 344 3853 525 3926; x_wconf 86' lang='lat' dir='ltr'><strong>inimicius.</strong></span> 
     </span>
    </p>
   </div>
   <div class='ocr_carea' id='block_1_8' title="bbox 0 0 1312 4852">
    <p class='ocr_par' dir='ltr' id='par_1_8' title="bbox 0 0 1312 4852">
     <span class='ocr_line' id='line_1_29' title="bbox 0 0 1312 4852; baseline 0 1"><span class='ocrx_word' id='word_1_210' title='bbox 0 0 1312 4852; x_wconf 95' lang='lat' dir='ltr'><strong> </strong></span> 
     </span>
    </p>
   </div>
  </div>
 </body>
</html>
