2616 4852
442 322 479 369 ns
505 315 696 369 anissonss
1001 302 1073 407 387

101 425 291 495 Ceterorum,
310 422 429 502 inquit,
459 422 679 505 provinciaram
707 422 859 504 vectigalia
885 435 969 486 mata
988 441 1076 501 suat,

101 543 135 591 ut
147 531 192 590 Isis
204 527 250 591 ad
261 531 342 612 ipsas
359 527 527 612 provincius
549 526 688 603 tumredas
709 528 760 591 vix
779 531 908 593 contenti
924 551 988 593 esse
1005 555 1076 617 pos-

100 640 199 699 simus.
221 636 298 699 Asia
318 654 383 697 vem
405 647 465 696 tum
485 635 586 718 apim
605 647 649 695 est
668 646 698 695 et
707 635 836 717 fertilis,
849 649 882 698 ut
893 649 923 698 et
943 640 1074 703 ubertate

97 765 258 826 agrorum,
271 745 451 804 etomktute
461 741 635 826 fructuum,
655 755 684 802 et
704 742 903 825 magnitudine
921 746 1075 827 pastionis,

98 865 129 912 ct
149 849 335 913 multitudine
361 870 466 911 corum
494 871 591 911 mrum
601 895 612 925 ,
643 869 721 932 quae
740 863 958 934 exportantur,
979 853 1075 933 fizcile

98 959 236 1020 omnbus
257 958 339 1019 tennis
358 958 527 1031 antecellat.
559 958 676 1019 Manui,
702 959 791 1020 Asiae
815 961 939 1021 nomine
959 960 1075 1045 probu-

99 1064 164 1125 bile
184 1075 230 1126 est
249 1066 342 1125 etiam
363 1065 501 1126 Ciliciam
521 1063 581 1126 hoc
601 1063 669 1126 loco
690 1063 852 1148 designari.

61 1173 101 1250 ¹4
122 1171 175 1233 sle
195 1172 352 1235 Ernestius
380 1174 515 1255 prinmm
539 1191 574 1234 ex
594 1171 663 1234 cdd.
683 1194 746 1256 pn,
764 1172 896 1235 alterum
916 1194 953 1236 ea
974 1177 1075 1238 conie-

100 1290 191 1340 ctura
210 1279 383 1342 emendavit
402 1278 549 1341 latinitate
562 1279 745 1362 postulante.
760 1279 845 1342 Olim
857 1283 1075 1363 perniuncu-

100 1386 237 1446 noluen‘t.
252 1389 361 1469 Agitur
379 1387 417 1449 da
437 1387 659 1470 conscriptione
678 1387 811 1449 militum
831 1388 1075 1464 auxiliariorum,

94 1515 183 1585 ¹quae
203 1495 235 1553 in
254 1495 417 1576 provinciis
437 1492 504 1556 fieri
532 1493 657 1557 solebat.
683 1494 762 1557 Vide
784 1514 863 1576 quae
882 1495 1014 1557 diximus
1035 1496 1076 1557 ad

99 1621 151 1682 ep.
172 1600 310 1676 CCXIV,
330 1622 358 1662 n.
378 1600 546 1665 Lambinus
574 1612 605 1662 et
632 1601 726 1684 vulgo
753 1600 863 1665 dilectu
890 1601 1075 1686 utrobique;

97 1728 161 1789 ego
182 1711 365 1797 constantiae
391 1730 482 1771 causa
500 1707 649 1770 delectum
668 1711 807 1792 rescripsi
823 1730 903 1770 eum
925 1713 1073 1783 recentio-

100 1813 203 1886 ribus,
217 1814 301 1897 quod
313 1836 410 1898 aeque
429 1814 508 1877 bene
532 1815 648 1877 dietum
662 1835 726 1876 esse
746 1825 850 1877 monet
870 1815 1072 1879 Forcellinus.

101 1922 343 2007 Oudendorpius
363 1922 403 1986 ad
423 1924 507 1987 Caes.
526 1922 560 1984 B.
581 1923 659 1985 Gall.
680 1922 745 1996 Vl,
770 1943 780 1982 1
805 1933 836 1984 et
856 1921 930 1984 alibi
954 1921 1075 1984 dilectu.

63 2030 102 2093 15
123 2032 192 2092 Non
212 2031 382 2104 Ciceronis,
415 2033 469 2114 qui
499 2051 590 2114 saepe
619 2031 836 2092 continentiam
861 2051 947 2092 suam
970 2028 1074 2091 laudat

101 2160 128 2198 e.
143 2159 168 2198 e.
190 2159 237 2220 ep.
251 2137 393 2210 CCVIII,
411 2159 436 2212 1,
449 2136 501 2199 sed
514 2137 732 2222 proconsulum
747 2136 876 2199 Roman.
897 2139 929 2199 in
949 2157 1072 2220 genere,

101 2256 133 2306 ct
153 2246 329 2328 praesertim
351 2245 458 2328 Appii,
482 2246 568 2306 cuius
589 2246 707 2307 iniuriis
727 2243 850 2307 Ciliciae
871 2243 962 2306 illatis
981 2244 1073 2327 plena

101 2363 149 2413 est
169 2353 297 2435 epistola
317 2362 493 2414 memorata.

65 2458 101 2520 16
122 2459 224 2520 Fuere
243 2458 383 2520 cohortes
406 2459 514 2533 XXX,
539 2460 818 2542 quadringenorum
843 2432 981 2543 peditum
1009 2458 1074 2519 sin-

101 2565 205 2648 gulae3
226 2565 303 2627 idest
322 2566 460 2649 peditum
473 2568 533 2628 XII
549 2568 658 2641 millia,
671 2567 805 2650 legiones
826 2566 966 2626 videlicet
980 2562 1073 2640 duae3

101 2675 243 2754 equitum
263 2693 337 2734 vero
359 2674 387 2734 II
410 2672 521 2752 millia3
540 2695 610 2759 epp.
631 2673 756 2751 CCLII,
781 2694 825 2749 ιι,
844 2681 876 2735 et
895 2671 1031 2744 CCXIV,
1044 2690 1073 2732 a.

102 2781 224 2841 Manat.

68 2909 101 2967 17
123 2887 233 2949 Vacua
252 2887 411 2970 praesidio.
434 2887 529 2951 Idem.

66 2994 101 3056 18
121 2994 203 3058 Edd.
223 2995 279 3059 Ro.
300 2995 381 3058 ltIed.
402 3005 433 3059 et
451 2993 560 3060 Lamb.
582 2995 701 3067 Valere.

495 3235 646 3299 CCXXII.

64 3444 75 3482 1
101 3421 264 3482 Schiitzius
285 3423 396 3506 aliique
417 3423 534 3486 addunt
553 3424 745 3506 Imperatori,
763 3422 846 3505 quod
864 3425 897 3483 in
918 3420 983 3483 solo
1005 3431 1073 3482 tert.

98 3530 167 3592 Pal.
191 3529 373 3592 Gebhardus
393 3534 515 3593 invenit.
537 3532 574 3594 Id
586 3531 701 3594 habeut
713 3533 804 3594 etiam
818 3530 885 3592 edd.
899 3528 980 3591 Med.
996 3529 1072 3590 lens.

99 3647 132 3698 et
151 3636 304 3698 Lambini.
325 3639 453 3714 Pulcra,
471 3660 534 3702 non
555 3639 684 3700 Pulchro
704 3637 819 3701 habent
839 3658 944 3699 omues
965 3634 1071 3697 Ambe.

62 3764 80 3804 2
102 3743 179 3804 Esse
198 3743 243 3805 nd
263 3746 377 3817 urbem,
404 3746 453 3808 vel
480 3759 575 3819 extra,
595 3748 695 3811 urbem
714 3745 908 3819 dicebantur,
929 3743 1072 3826 quiante

101 3824 219 3917 urbem*
231 3854 265 3915 iu
285 3874 394 3939 eampo
407 3854 521 3919 Martio
534 3853 747 3940 exspectabant
767 3852 975 3937 triumphum,
995 3848 1072 3921 seili-
