2632 4860
148 322 223 421 426
393 348 399 371 ¹
513 341 784 392 annumeres

545 552 747 614 ccxxxiv.

155 689 165 725 1
191 663 278 724 emb.
300 661 339 722 ·15
358 672 398 722 ut.

151 794 170 833 n
189 776 224 833 ln
242 772 440 855 provinciam.
461 767 581 828 Manat.
650 776 652 781 '

152 884 171 942 3
190 882 272 959 Quia
291 877 347 940 tibi
367 878 441 936 alios
461 896 584 957 quoque
597 873 792 950 commend03
812 885 848 935 ut
869 876 908 953 Q.
929 876 1065 938 fratrem.
1088 875 1155 937 Sur·

191 991 287 1060 ciam,
306 982 525 1047 remunerabor
544 981 650 1043 officia
668 993 729 1043 tua.
748 981 868 1044 Manat.

154 1093 304 1175 ddmbb.
325 1093 364 1166 3,
389 1112 443 1166 η,
467 1090 622 1174 15qu

565 1333 744 1395 CCXXXV.

156 1549 167 1587 1
191 1525 332 1587 Tiberius
347 1524 491 1586 Claudius
511 1524 608 1597 Nero,
628 1524 667 1584 de
688 1545 749 1605 quo
769 1543 818 1606 ep.
839 1522 982 1596 CXLVI,
1005 1545 1032 1604 7.
1054 1523 1153 1584 Matri-

190 1634 475 1704 moniumTulliae,
495 1635 595 1714 inquit
614 1632 783 1704 Manutius,
804 1630 957 1692 Ciceronis
978 1629 1080 1702 filiae,
1100 1630 1153 1692 hoc

191 1745 257 1825 ipso
287 1753 424 1823 tempore
444 1740 565 1801 videtur
590 1741 755 1822 expetisse3
774 1760 831 1799 nec
855 1741 1009 1800 recusavit
1033 1739 1153 1811 Cicer0;

191 1851 245 1911 sed
265 1868 341 1932 quos
362 1849 500 1929 homines
520 1871 556 1908 ea
575 1847 614 1908 de
635 1868 668 1908 re
689 1847 730 1908 ad
751 1868 879 1909 uxorem
899 1857 931 1907 et
950 1845 1049 1907 filiam
1068 1846 1152 1904 mise-

192 1969 254 2032 rat,
273 1959 295 2017 ii
316 1957 446 2017 Romam
467 1956 719 2017 venerunt'faotis
740 1977 810 2016 cum
830 1954 993 2016 Dolabella
1014 1951 1152 2037 sponsali·

191 2064 265 2140 bus3
285 2086 333 2147 ep.
354 2064 551 2135 CCLXXVI,
576 2085 600 2123 1.

153 2193 171 2231 2
192 2172 271 2233 Vide
291 2170 397 2253 adep.
419 2171 582 2242 CCXLIV,
603 2173 631 2231 3.
745 2176 748 2181 ’

153 2280 172 2339 3
191 2279 275 2358 Nysa
295 2276 370 2337 haec
389 2276 506 2358 Lydiae
527 2279 685 2354 Maeoniae
702 2277 793 2352 urbs,
806 2277 957 2360 opulentis
971 2287 1003 2336 et
1017 2275 1105 2336 claris
1116 2276 1151 2333 ci·

189 2385 280 2446 vibus
301 2384 434 2446 celebris.
456 2385 535 2447 Vide
556 2384 738 2447 Strabonem
758 2387 797 2445 X.
817 2386 959 2445 Fuerunt
974 2394 1078 2444 autem
1091 2381 1151 2466 plu-

190 2513 238 2553 res
258 2491 348 2553 huius
369 2495 500 2554 nominis
519 2492 625 2566 urbes,
639 2493 676 2554 de
690 2492 802 2575 quibus
819 2492 994 2575 Stephanus
1013 2490 1052 2553 de
1065 2488 1150 2553 Vrbi-

188 2598 256 2660 bus.
280 2599 385 2660 Graev.

149 2710 171 2785 4
191 2709 334 2770 Civitates
355 2714 436 2770 enim
457 2722 575 2771 exterae
595 2722 740 2792 patronos
762 2731 831 2770 suos
852 2709 970 2781 Romae
995 2706 1150 2768 habebant.

191 2815 302 2877 Confer
322 2827 384 2877 not.
407 2817 447 2894 24
468 2839 514 2900 ep.
536 2819 649 2880 XXVI.
671 2819 718 2878 De
740 2817 803 2879 Off.
824 2818 858 2884 Ι,
883 2837 926 2875 11.

150 2920 171 2981 5
190 2924 305 2983 Manut.
327 2946 388 2985 nec.
410 2927 492 2984 Tum
513 2925 650 2986 nonnulli
665 2925 781 2988 libriin
795 2946 856 3006 seq.
870 2922 1029 2984 membro:
1044 2921 1087 2982 Id
1098 2933 1150 2980 tum

190 3043 316 3108 gratum.

151 3135 172 3195 6
192 3137 264 3197 Plus
286 3160 324 3198 ex
344 3141 401 3197 ista
421 3141 579 3219 provincia
599 3143 675 3222 petit
684 3135 846 3212 Tiberius,
867 3161 961 3220 quam
982 3161 1020 3198 cx
1040 3149 1150 3205 nostra,

192 3247 348 3325 magisque
368 3248 399 3304 in
419 3247 472 3306 illa
493 3250 710 3330 conspicietur,
730 3269 823 3329 quam
843 3246 909 3319 hic,
929 3245 984 3307 ubi
1008 3256 1149 3307 assecutus

192 3362 236 3409 cst
256 3372 342 3424 sane,
363 3373 441 3433 quae
455 3366 554 3435 potest
567 3356 747 3416 adolescens.
768 3355 842 3427 Vel,
861 3355 951 3415 valde
965 3364 1148 3437 conspectum

81 3527 83 3532 ,
191 3469 220 3517 te
241 3458 327 3531 facit,
348 3472 377 3521 et
397 3460 506 3523 illustri
529 3464 596 3523 loco
609 3467 697 3546 ponit
710 3463 786 3523 haec
798 3465 972 3544 provincia:
988 3465 1053 3534 vel,
1067 3479 1147 3543 quam

191 3565 286 3626 celsus
307 3578 337 3626 et
356 3580 464 3649 potens
485 3591 532 3640 es,
552 3550 647 3651 quum
662 3570 835 3631 adolescens
849 3590 970 3630 summo
985 3590 1092 3652 genere
1104 3587 1146 3625 na·

190 3683 254 3744 tus,
274 3675 394 3755 ingenio
421 3675 656 3751 florentissimo,
676 3681 785 3739 sanctis
814 3689 845 3738 et
869 3680 977 3761 priscis
1007 3674 1143 3739 moribus,

190 3782 295 3840 intua
315 3787 472 3865 provincia
492 3790 722 3867 peregrinatur,
744 3798 774 3846 et
792 3807 849 3868 per
869 3797 899 3846 te
920 3785 1097 3868 producitur
1107 3787 1140 3838 at·

190 3907 250 3967 que
269 3899 458 3966 ostentatur,
478 3893 570 3973 digna
591 3896 658 3975 ipso
679 3893 793 3976 gloria,
813 3893 896 3975 apud
915 3895 1014 3954 avitos
1026 3885 1137 3951 familiae
