2616 4852
151 314 225 410 314
519 331 790 382 aanorsrrosns

191 439 316 510 melius,
333 435 497 499 intemrissu
510 448 611 497 nostru
624 432 834 495 coruuetudiue
847 433 985 495 sarnum.
1004 433 1072 495 Mas.
1091 434 1135 496 duo

190 568 209 606 a
223 543 389 607 Gebhardo
409 545 553 626 inspecti,
567 553 599 603 et
618 541 685 602 edd.
708 542 751 602 lo.
772 541 853 623 Spir.
871 539 950 626 8469
969 550 1001 621 et
1018 540 1091 602 lens.
1105 563 1136 602 ce-

192 654 325 715 usaue
344 666 374 713 u
392 649 609 732 magnitudine,
629 649 713 733 quor
727 649 878 711 naevia·
897 649 1027 732 recepit,
1045 647 1084 708 aa
1099 649 1140 709 n-
1196 630 1198 721 ἔ

191 763 289 822 nestio
309 769 439 820 notatus.
460 757 631 818 Lambinus
651 769 680 816 et
700 768 769 817 ante
790 755 946 817 crebritate
965 756 1074 817 omisit.
1196 798 1198 805 ·

153 889 171 950 7
193 867 285 928 Haud
310 868 467 948 imperite,
494 885 564 925 cum
593 861 837 925 benivolentibus
863 863 947 940 Diis3
971 873 1062 946 atque
1086 862 1142 922 adeo

192 995 256 1036 non
276 973 447 1034 infeliciter.
469 970 568 1032 Simul
596 969 705 1032 alludit
728 968 769 1031 ad
792 969 920 1052 vulgare
945 969 1146 1054 proverbium,

195 1101 259 1163 quo
280 1091 310 1140 et
330 1081 430 1140 utitur
452 1077 516 1139 Off.
539 1079 569 1152 1,
592 1078 626 1138 31
651 1086 683 1140 et
701 1099 749 1160 ep.
769 1076 954 1152 ncccxn,
978 1097 1009 1149 ι,
1029 1088 1059 1137 et
1082 1077 1147 1159 quod

191 1188 257 1271 ipse
277 1188 434 1247 Minervae
465 1196 501 1246 ut
528 1195 677 1267 patronae
695 1205 732 1244 ac
751 1183 912 1268 peculiaris
935 1185 1022 1245 Deae
1043 1184 1148 1245 consilio

194 1295 402 1356 Catilinariam
417 1294 658 1354 coniurationem
671 1292 843 1354 exstinxisse
854 1289 950 1353 videri
961 1289 1101 1364 volebat,
1112 1290 1152 1351 de·

193 1402 368 1484 dicaratque
381 1403 413 1461 in
428 1399 577 1483 Capitolio
598 1400 731 1482 signum:
752 1408 871 1465 sanus
882 1413 1012 1465 rursus
1030 1408 1152 1464 trultl.

192 1509 275 1572 Vide
306 1508 386 1569 Pur.
413 1510 446 1569 in
474 1508 537 1568 Cic.
558 1509 631 1568 vita.
650 1505 741 1570 Vnde
766 1517 798 1569 et
824 1507 939 1567 inimici
965 1505 1156 1577 obiiciebant‚

194 1617 282 1698 quasi
303 1613 486 1698 gloriaretur
506 1613 679 1675 Minervam
698 1633 805 1674 omnes
824 1634 895 1674 eum
916 1623 998 1676 artes
1015 1612 1156 1686 docuisse,

193 1735 230 1784 ut
249 1734 378 1806 apparet
398 1743 434 1783 ex
454 1721 591 1782 Declam.
620 1719 678 1782 sub
693 1726 817 1782 nomlne
844 1719 990 1782 Sallustii.
1012 1720 1073 1782 Sed
1091 1720 1155 1781 latet

194 1835 374 1918 ἀλληγορικόν
393 1857 430 1894 τι.
453 1830 530 1889 Nam
551 1830 576 1890 si
598 1831 701 1912 priora
728 1829 888 1910 inspicias,
908 1849 969 1889 nou
988 1828 1079 1890 invito
1102 1825 1157 1888 Mi-

195 1952 301 2012 uersu,
321 1948 367 1998 est
384 1935 575 2020 approbante
589 1939 655 2019 ipsa
669 1956 702 1997 re
716 1934 817 2019 publ,
831 1938 917 2018 quasi
931 1935 1072 2010 adderet,
1085 1934 1162 2018 quod

194 2047 282 2128 prius
300 2065 364 2104 non
384 2055 546 2126 poteram,
566 2064 662 2126 quum
684 2054 719 2104 tu
739 2042 857 2105 bostem
885 2044 930 2104 rei
957 2043 1045 2127 publ.
1066 2053 1095 2104 et
1112 2041 1161 2102 bo·

163 2164 167 2173 “
195 2170 324 2222 norum,
344 2150 474 2210 fratrem
494 2161 602 2223 tuum,
622 2151 750 2215 foveres.
768 2151 824 2236 llle
844 2161 948 2212 autem
971 2161 1055 2224 tum,
1074 2169 1160 2232 quum

195 2255 274 2318 baec
294 2255 524 2333 scribebantur,
544 2259 606 2318 iam
626 2259 774 2341 perierat3
795 2260 909 2340 quippe
922 2259 957 2319 b.
970 2258 1011 2320 V.
1027 2258 1060 2319 C.
1073 2256 1158 2317 nccl

195 2362 350 2446 Pompeio
371 2363 417 2424 lll
437 2366 501 2424 sine
522 2363 638 2446 collega
657 2386 677 2426 a
696 2364 808 2426 Milone
822 2367 947 2425 occisus.
969 2365 1033 2426 Sed
1044 2364 1108 2427 ’boc
1124 2383 1157 2424 ne

198 2471 330 2530 'nimium
351 2480 484 2553 pateret,
504 2471 732 2554 offenderetque
751 2473 886 2556 Appium
900 2471 1075 2554 subiungit,
1092 2489 1154 2554 quae
1191 2446 1198 2509 i

199 2588 390 2660 sequuntur3
409 2578 450 2639 ad
470 2600 549 2661 quae
574 2580 600 2640 si
627 2579 739 2641 referas
758 2585 791 2644 ri
816 2601 876 2640 non
901 2580 993 2640 inuita
1018 2564 1154 2649 Ildinervu,
1194 2548 1198 2671 1

200 2685 345 2767 explicari
365 2696 480 2769 potest:
500 2707 564 2748 nou
584 2688 648 2748 sine
674 2688 767 2749 literis
786 2690 913 2763 nostris3
935 2699 965 2749 et
986 2690 1079 2750 tacite
1096 2706 1153 2769 pro·
1194 2700 1198 2797 p

200 2793 313 2865 mittit,
333 2813 364 2854 se
384 2814 456 2854 eum
472 2792 696 2855 honoraturum
709 2794 897 2878 dedicatione
910 2795 1039 2856 alicuius
1053 2794 1152 2878 scriptis
1196 2814 1198 2869 !

200 2898 328 2980 perinde
348 2909 385 2960 ut
402 2901 521 2983 Appius
540 2901 581 2963 ad
602 2901 664 2964 Cic.
685 2901 723 2963 de
743 2906 902 2984 Auguratu
928 2905 1098 2986 scripserat.
1120 2901 1152 2962 lo.
1194 2910 1198 2975 ,j

201 3006 256 3066 Fr.
281 3005 457 3069 Gronovius.
520 3044 526 3053 ·

95 3188 98 3208 ‘
163 3109 184 3171 8
206 3110 394 3193 Ambiguum
414 3113 552 3195 reliquit,
571 3117 776 3177 monumentis
796 3116 922 3198 intelligi
936 3117 1027 3189 velit,
1047 3139 1085 3178 an
1103 3116 1152 3177 liu

202 3218 245 3278 ris
257 3218 306 3279 vel
323 3221 450 3303 seriptis.
469 3221 547 3282 Erat
567 3234 800 3285 monumentum
821 3222 1024 3286 Claudiorum
1044 3228 1075 3286 in
1087 3225 1153 3292 foro,

203 3326 312 3407 inquo
326 3338 553 3390 essentstatuae
566 3331 719 3405 Deorum,
739 3341 784 3404 ct,
797 3342 833 3395 ut
845 3331 981 3406 videtur,
997 3334 1083 3394 inter.
1092 3333 1153 3396 illas,

204 3431 476 3518 Minervamquae
490 3437 645 3519 Appiades
656 3437 845 3503 dicebantur.
866 3439 960 3500 ovid.
982 3440 1028 3500 Ill
1050 3440 1086 3500 de
1099 3441 1154 3499 Arte

204 3558 235 3598 v.
247 3532 327 3616 452,
339 3540 550 3625 Appiadesque
563 3545 657 3618 Deae,
671 3556 703 3606 ct
715 3543 804 3622 1‚82;
818 3545 857 3606 de
869 3545 997 3607 Remed.
1011 3545 1080 3607 660.
1092 3546 1155 3606 Con·

204 3648 288 3706 venit
309 3649 401 3710 etiam
422 3649 588 3734 intelligere
609 3651 713 3714 literis.
735 3652 830 3731 Quasi
844 3654 926 3714 enim
940 3653 999 3714 sibi
1013 3653 1095 3715 domi
1109 3665 1156 3712 nou

205 3759 282 3813 esset
302 3755 457 3830 Minerva,
476 3757 530 3818 sed
550 3771 655 3819 contra
669 3769 756 3820 curta
771 3759 920 3820 scribendi
940 3760 1074 3844 supellex
1088 3756 1162 3821 dicit,

205 3858 292 3920 acab
306 3862 406 3947 Appio
425 3865 593 3943 Mineruam
613 3875 753 3928 mutuam
768 3877 959 3944 sumturum,
978 3867 1009 3930 b.
1030 3890 1071 3942 e..
1089 3887 1120 3929 er
1133 3858 1167 3920 il·
