2616 4852
449 350 486 396 ru
511 346 700 398 nrrsronss
1001 335 1071 429 453

110 453 240 531 Sequens
260 446 327 509 inde
345 467 400 507 nos
420 459 539 532 oportet
553 450 710 512 decedere:
725 470 786 512 nou
801 458 933 535 praecise
948 478 982 518 cx
997 459 1073 522 urbe
1095 481 1097 487 ·

111 556 271 617 Laodicea.
293 554 407 614 Emest.

71 664 109 724 32
130 665 269 724 Manutio
296 660 409 744 placuit
429 681 458 722 a.
478 662 507 723 d.
531 663 593 724 III
611 663 698 740 Kal,
719 678 753 727 ut
773 685 867 730 annus
888 672 1003 752 integer
1024 674 1071 734 sit.

109 771 229 830 Solita.

70 878 109 938 33
131 875 225 952 Quod
251 897 286 936 ea
313 896 360 936 res
387 874 530 936 invidiam
561 876 657 939 facere
684 880 789 961 utiquc
819 891 956 962 poterat,
983 885 1068 964 quasi

108 982 278 1064 praefectus
299 992 388 1052 esset,
410 985 481 1063 quia
502 984 594 1044 frater
615 995 699 1046 esset.
719 986 833 1047 Ernest.

68 1089 108 1165 34
130 1087 228 1149 Servii
250 1088 376 1170 Sulpicii
397 1099 489 1164 uxor3
509 1111 556 1172 ep.
578 1090 763 1152 CCCLXXl.

66 1194 108 1256 35
129 1195 236 1255 Cicero
255 1215 313 1277 pro
331 1194 456 1256 Plancio
477 1218 502 1255 c.
525 1195 577 1272 263
593 1198 624 1257 iu
638 1197 707 1260 Vat.
728 1197 760 1274 53
774 1199 862 1261 Verr.
884 1201 926 1274 Il,
947 1202 965 1263 3
986 1223 1071 1284 nego·

108 1303 226 1361 emtores
246 1322 264 1360 a
285 1301 505 1363 mercatoribus
526 1296 700 1385 distinguite
720 1303 787 1365 illos
808 1306 867 1367 alio
887 1310 1010 1370 nomine
1019 1309 1070 1390 sc-

105 1417 256 1468 neratores
276 1407 417 1490 appellat.
440 1408 503 1468 Cur
524 1419 626 1470 autem
645 1409 751 1471 Cicero
764 1413 876 1472 nemini
890 1417 1069 1495 negotiatori

102 1513 324 1596 praefecturam
352 1514 513 1574 concedere
534 1514 639 1588 vellet,
659 1515 728 1578 vide
755 1519 786 1576 in
810 1538 857 1598 ep,
884 1519 1067 1598 ceL11‚4;

103 1619 159 1680 ubi
172 1622 290 1680 iterum
311 1641 410 1681 sermo
430 1621 467 1682 de
489 1621 631 1704 Scapti03
652 1632 681 1683 et
702 1623 780 1684 infra
806 1626 837 1682 in
857 1622 915 1684 hac
935 1627 1001 1706 ipsa
1020 1647 1067 1710 ep.

64 1725 105 1788 36
123 1726 188 1789 Pro
207 1727 310 1808 aliquo
330 1730 534 1808 negotiatore,
553 1738 588 1789 ut
599 1730 635 1789 'ei
657 1728 769 1789 darem.
791 1729 907 1791 Emere.

63 1834 102 1914 37
124 1833 256 1907 Scilicet,
276 1834 349 1917 quid
369 1835 485 1894 dicami
499 1834 631 1895 Probavi
646 1836 822 1917 Torquato,
836 1858 884 1896 me
898 1858 959 1899 non
978 1838 1065 1900 datu·
1120 1902 1124 1919 Ἰ

102 1961 174 2001 rum
200 1941 264 2003 eius
290 1963 379 2002 causa
408 1941 629 2024 praefecturam
649 1942 691 2003 Μ.
719 1943 814 2004 Lenio
841 1954 910 2015 tuo,
935 1944 1066 2026 probavi

101 2047 206 2108 multis
220 2047 293 2108 aliis.
314 2047 372 2128 Ep.
387 2046 509 2119 CCLll,
530 2048 550 2124 4
570 2047 680 2129 legitur
701 2048 731 2109 in
751 2049 795 2109 M.
813 2048 902 2110 Lenia
924 2061 982 2111 tuo.
1004 2052 1065 2113 lla·

103 2175 165 2235 que
185 2165 216 2215 et
240 2153 300 2216 boc
326 2154 394 2216 loco
421 2175 491 2215 cum
517 2154 655 2216 lllenutio
685 2158 836 2239 rescripsit
856 2155 1015 2218 Schiitzius
1036 2159 1067 2217 in

68 2295 72 2302 ·
102 2262 149 2323 Μ.
172 2260 263 2322 Lario
285 2275 342 2323 tuo.

64 2367 102 2429 38
123 2368 156 2428 Si
177 2369 425 2450 praefectus'ideo
439 2392 502 2432 esse
519 2372 625 2445 vellet,
645 2383 680 2433 ut
700 2392 735 2434 ea
755 2382 901 2456 potestate
922 2391 1064 2433 nummos

100 2496 121 2534 a
142 2475 313 2537 Salaminiis
332 2479 529 2560 exprimeret:
550 2491 612 2538 non
633 2495 696 2540 esse
709 2501 764 2539 cur
779 2480 999 2562 praefecturam
1013 2498 1065 2561 pe·

100 2592 188 2642 teret.
207 2582 258 2643 Me
277 2585 358 2644 enim
379 2592 571 2657 curaturum,
591 2596 626 2645 ut
645 2588 785 2666 erigeret.
806 2585 924 2646 Manat.

63 2688 101 2771 39
123 2689 227 2764 Q'uam
252 2689 410 2763 dederam,
426 2709 485 2752 ‘me
512 2703 703 2764 curaturum,
724 2702 759 2752 ut
779 2685 916 2772 erigeret.
941 2690 1064 2751 carrad.
1111 2752 1113 2757 ,

70 2807 73 2815 ’
99 2794 188 2855 Infra¹
206 2798 305 2856 statim
324 2810 355 2856 et
380 2799 439 2858 rina
469 2797 606 2879 Scaptius
633 2813 668 2858 ex
694 2796 759 2857 edd.
789 2799 864 2859 lens.
885 2799 1005 2858 Ascens.
1033 2806 1064 2856 et

97 2901 169 2962 Aldi
190 2907 304 2985 ree'epit
321 2906 383 2963 iam
402 2903 558 2965 Ernestius
567 2949 577 2978 ,
597 2924 654 2986 pro
675 2903 799 2984 vulgato
820 2916 849 2964 et
869 2904 899 2964 in
912 2903 955 2964 leis
969 2901 1064 2985 Scap·

97 3009 167 3071 rius:
182 3009 262 3069 Nam
282 3008 332 3070 hic
351 3031 416 3070 non
433 3021 499 3071 erat
519 3011 660 3094 Cyprius.
1027 3069 1030 3075 .

54 3119 96 3194 40
117 3115 227 3176 Malim
246 3116 301 3177 Illi
318 3118 411 3178 multa
431 3128 541 3181 etant
561 3117 639 3177 infra
658 3117 703 3178 illi
720 3138 750 3176 se
777 3115 1065 3178 numerare.'Potuit

95 3215 131 3274 ed
152 3200 195 3281 illi
214 3221 369 3304 absorberi
384 3222 425 3283 ob
441 3222 668 3285 similitudinem
683 3222 839 3285 literarum
853 3242 872 3281 a
886 3241 946 3304 seq.
961 3221 1064 3282 maha.

96 3327 172 3387 Scil.
193 3327 235 3388 illi
248 3329 352 3389 ‘multa
373 3332 471 3412 questi
493 3340 568 3390 sunt.

49 3437 102 3513 41·
118 3431 238 3494 Scilicet
258 3434 296 3493 da
316 3456 397 3508 meo,·
416 3435 475 3497 hoe
495 3447 571 3509 est,
585 3457 620 3497 ex
647 3453 689 3497 ea'
710 3438 856 3520 pecunia,
882 3454 959 3517 quae
987 3433 1064 3493 mihi

60 3570 64 3576 =
94 3538 137 3600 ab
158 3541 230 3622 ipsis
256 3540 425 3604 deberetur.
451 3541 523 3603 Mox
551 3545 685 3625 praetori
709 3541 776 3603 dari
801 3552 998 3611 consuessent,
1025 3560 1064 3599 sc.

94 3645 238 3728 explanat
265 3647 433 3720 Corradus,
460 3661 498 3730 τῷ
517 3658 646 3733 ἄρχοντι.
674 3647 804 3712 Videtur
831 3650 912 3708 enim
938 3647 1063 3706 vertisse

94 3752 244 3826 verbum,
264 3775 326 3835 quo
346 3757 392 3816 usi
413 3765 482 3816 sunt
497 3756 624 3829 Graeci,
644 3778 662 3815 a
684 3753 793 3836 quibus
808 3763 907 3836 ἄρχων
925 3762 939 3813 ὁ
955 3757 1061 3829 ἡγεμὼν

94 3868 232 3922 vocatur.
255 3859 314 3923 Sed
329 3872 358 3922 et
373 3861 503 3922 Romani
522 3873 652 3934 veteres,
668 3863 795 3923 Asconio
809 3869 928 3929 autore,
941 3872 1062 3914 ornnem
