2616 4852
540 361 577 407 ru
603 358 793 408 assarones
1099 334 1172 436 395

154 465 176 527 6
197 464 259 526 Cui
281 464 397 534 statim,
419 461 483 522 aliis
504 460 623 522 iudiciis
644 463 796 544 sepositis,
817 448 907 520 causa
928 470 1005 520 esset
1026 460 1170 539 dicenda3

195 585 234 634 ut
254 582 319 633 erat
339 570 485 660 iudicipm
515 568 553 630 de
578 571 628 646 vir
661 568 744 652 quod
775 589 871 628 unum
893 579 923 630 et
943 567 1051 629 diebus
1073 569 1171 642 festis,

114 669 117 677 ¹
196 681 341 762 ludisque
360 676 506 761 publicis,
519 675 660 737 omnibus
680 678 809 759 negotiis
831 675 1000 736 forensibus
1021 679 1169 737 intermis-

196 790 254 861 sis,
274 796 483 859 exerceretur,
503 795 538 846 ut
558 787 600 844 ait
621 785 682 845 Cic.
703 805 760 868 pro
782 783 902 857 Caelio,
916 804 941 845 c.
961 805 984 845 1.
999 785 1026 845 1.
1041 784 1077 844 F.
1095 783 1172 844 Gro-

176 912 263 956 ¹nou.
295 895 412 957 Causae
437 902 540 955 autem
562 912 685 954 reorum
716 892 853 953 ordinem
886 912 975 952 suum
996 891 1170 964 habebant,

194 1014 234 1063 ut
253 1023 333 1085 quae
353 1013 491 1085 tempore
511 1002 597 1085 prior
618 1000 738 1073 fuerat,
767 1003 871 1084 priore
895 1001 986 1060 etiem
1008 999 1077 1060 ioco
1098 1019 1172 1080 age·

195 1119 292 1170 retur.
312 1107 383 1172 vid.
405 1129 462 1192 pro
483 1107 600 1173 Cluent.
623 1127 670 1172 22.
691 1107 762 1169 Mox
785 1106 873 1168 codd.
897 1105 1006 1168 nmbb.
1038 1117 1068 1166 et
1099 1105 1170 1168 Rec.

195 1236 285 1276 uento
304 1213 466 1277 occidisset.
1185 1243 1187 1248 ·

153 1339 173 1404 7
196 1302 283 1402 Quin
305 1322 568 1385 condemnaretur.

152 1429 173 1491 8
195 1429 309 1502 Erant,
331 1432 384 1512 qui
406 1429 634 1493 subscriberent
652 1429 863 1492 accusantibus
878 1451 1029 1513 opemque
1043 1429 1170 1501 ferrent,

192 1548 232 1597 ut
251 1556 321 1597 reus
351 1538 479 1598 omnino
495 1536 713 1599 ‘damnaretur
749 1538 810 1599 Cic.
842 1539 945 1599 Divin.
966 1539 998 1598 in
1018 1537 1107 1598 Verr.
1134 1535 1170 1597 15

191 1665 253 1727 pro
267 1645 383 1706 Cluent.
403 1640 461 1722 dd,
474 1652 504 1706 e't
525 1660 572 1728 ep.
589 1645 737 1718 CXLVI,
756 1667 783 1727 7.
805 1644 922 1706 Manut.
945 1644 995 1705 Sic
1016 1646 1116 1727 Nepos
1137 1646 1168 1704 in

192 1753 294 1813 Attico
308 1774 332 1812 c.
349 1771 380 1834 7:
401 1737 555 1812 Neminem
575 1773 669 1835 neque
689 1773 743 1813 suo
764 1754 896 1826 nomine,
923 1772 1017 1835 neque
1044 1752 1170 1812 subscri·

192 1859 266 1919 bens
295 1865 452 1922 accusavit.
485 1858 667 1933 Descendit,
698 1860 810 1921 scilicet
840 1862 872 1921 in
898 1859 1021 1935 forum3
1048 1856 1087 1918 ad
1118 1878 1167 1940 ep.

191 1949 310 2039 ccvi,
335 1984 359 2027 t.

149 2092 171 2154 9
190 2071 309 2133 Eadem
332 2074 484 2146 ratione,
500 2075 599 2157 inquit
619 2075 768 2136 Graevius
794 2095 946 2137 occurrens
966 2073 1010 2135 ud
1032 2073 1164 2134 vadimo-

190 2181 333 2254 nium,‘et
345 2199 496 2242 occurrere
511 2181 556 2242 ad
567 2184 671 2243 boram
683 2203 792 2244 coenae
806 2182 888 2266 apud
903 2181 1045 2254 Straton,
1059 2179 1165 2241 Claud.

189 2285 226 2359 8,
248 2297 278 2346 et
298 2288 392 2371 Calig.
407 2291 454 2373 39
477 2291 582 2350 Malim
604 2302 705 2352 tamen
723 2312 758 2351 ex
773 2291 819 2352 ed.
833 2291 891 2353 Ro.
903 2306 1045 2364 accrum,
1059 2307 1166 2370 quem·

186 2393 357 2455 admodum
378 2397 460 2457 Mau.
482 2407 513 2458 et
533 2398 641 2458 Lamb.
663 2397 787 2459 habent.

152 2519 188 2562 ro
208 2501 256 2560 lta
277 2522 347 2562 eum
369 2505 507 2564 oratione
528 2507 716 2586 exagito,ita
730 2526 823 2576 vexo,
836 2514 871 2563 ut
886 2503 1019 2564 Vestorii
1040 2519 1163 2584 quoque
1208 2542 1210 2546 ι

174 2610 375 2670 'mentionem
395 2609 605 2672 fustaneum
621 2633 682 2695 quo
697 2613 809 2694 negotii
831 2608 977 2692 quiddam
998 2608 1089 2669 fuiss'e
1110 2627 1161 2667 co·

188 2714 347 2796 gnoscitur
367 2737 402 2777 ex
422 2738 492 2801 epp.
513 2718 696 2791 CLXXXV,
721 2740 732 2778 1
757 2729 788 2780 et
808 2714 948 2789 CCLVI,
969 2735 997 2775 n.
1019 2714 1136 2774 Manat.

148 2836 181 2882 tr
208 2822 292 2896 Non,
313 2822 416 2884 fictam
431 2846 515 2896 rem,
529 2827 633 2909 quales
655 2826 776 2888 fabulae
797 2836 882 2899 sunt,
909 2823 960 2885 sed
982 2821 1066 2905 quod
1085 2830 1163 2880 tam-

185 2949 282 3010 quam
303 2929 407 2992 fabula
429 2932 521 2993 rideri
541 2937 645 3017 possit.
666 2933 762 2995 Idem.
786 2911 857 2995 Mor
878 2953 938 3014 pro
951 2914 1091 3010 beneficio
1110 2926 1163 2987 cle·

185 3034 279 3109 derit,
315 3038 446 3114 scilicet,
477 3038 538 3101 boc
568 3041 646 3114 tibi,
677 3053 834 3125 tamquam
865 3037 1071 3108 beneficium,
1092 3056 1111 3094 a
1133 3055 1164 3095 se

185 3142 331 3204 collatum
355 3147 590 3221 existimaverit,
613 3151 637 3209 si
661 3149 734 3231 quid
756 3159 811 3210 etc.
1045 3147 1049 3158 ’

148 3269 184 3310 12
204 3248 293 3331 Libri
313 3252 441 3335 siquod
461 3254 536 3333 (aiii
557 3255 697 3340 siquid)
726 3256 838 3316 iniuriis
868 3255 929 3314 suis
960 3262 1055 3322 esset,
1081 3246 1165 3333 quod

171 3357 346 3420 ''Vestotr'us
366 3371 513 3422 teneretur
544 3363 556 3440 (
567 3361 633 3423 edd.
663 3362 742 3424 Med.
767 3373 801 3442 *et
830 3362 906 3422 lens.
929 3360 1075 3437 teneret);
1096 3353 1163 3417 edd.

181 3463 242 3524 Ro.
264 3475 296 3525 et
314 3464 388 3526 Min.
408 3468 437 3527 si
453 3467 528 3552 quid
545 3470 657 3530 initeriis
677 3471 737 3531 suis
757 3481 847 3542 esset,
867 3445 927 3551 quo
945 3464 1099 3527 Vestorius
1120 3474 1163 3522 te-

161 3556 324 3644 neretur,
348 3570 407 3633 nisi
438 3574 521 3657 quod
547 3574 600 3636 illa
621 3579 728 3638 vitiose
748 3575 923 3648 Nestorius,
954 3571 1030 3633 haec
1053 3582 1168 3631 tenetur

163 3677 287 3740 babet.
307 3679 475 3742 Lambinus
496 3666 525 3743 si
540 3682 614 3766 quid
634 3686 705 3745 iuris
725 3686 774 3744 sui
792 3696 884 3758 esset,
905 3695 938 3743 ut
956 3702 991 3741 eo
1008 3676 1163 3741 Vestorius

185 3798 350 3864 teneretur,
371 3785 463 3870 vulgo
484 3789 602 3872 siquid
621 3792 731 3852 iniuriz's
751 3770 811 3852 suis
830 3802 924 3863 esset,
951 3799 984 3849 ut
1005 3782 1159 3848 Vestorius

187 3904 342 3956 teneretur.
374 3894 548 3958 Lectionem
580 3898 730 3974 Manutii,
763 3920 841 3982 quae
870 3898 997 3982 propius
1025 3912 1043 3952 a
1069 3887 1156 3952 libris
