2616 4852
158 322 231 396 236
473 339 643 389 rrrsronn
669 341 843 388 ccxxxvii.
941 339 975 388 n*
986 343 1022 389 v.
1040 343 1067 388 c.
1082 356 1122 403 ⁷⁰¹

155 447 239 521 huic
268 444 474 544 Bithynicae
510 444 688 517 societati:
725 469 816 545 quae
847 443 999 516 societas
1033 445 1143 518 ordine

154 573 252 672 ipso,
282 563 464 644 hominum
489 593 614 667 genere
637 577 764 670 (pars)
792 583 847 642 est
861 560 1058 671 maximaJi'
1075 573 1158 645 civi-1

158 700 250 773 tatis.
287 699 436 772 Constat
467 696 562 768 enim
593 722 635 768 ex
667 695 791 769 ceteris
816 696 1045 771 societatibus
1061 699 1093 796 ⁵3
1116 711 1147 771 et

160 852 243 900 casu
267 821 432 926 permulti
456 835 539 896 suut
563 823 601 894 in
626 849 666 895 ea
692 816 869 896 societate
884 820 990 897 valde
1009 822 1093 895 mihi
1107 822 1146 898 la·

159 953 329 1050 miliares,
351 950 389 1022 iu
413 950 601 1051 primisque
624 950 673 1047 is,
702 950 799 1022 cuius
823 949 1055 1050 praecipuum
1079 951 1145 1024 offi-

160 1080 286 1150 cium⁶
317 1077 431 1175 agitur
461 1074 531 1147 hoo
563 1089 739 1173 tempore,
769 1076 809 1147 P.
840 1075 1020 1175 Rupilius,
1051 1079 1088 1150 P.
1111 1078 1143 1150 F.

158 1206 251 1278 Men.
269 1222 294 1303 7,
326 1203 387 1303 qui
419 1214 474 1274 est
506 1201 668 1298 magister
699 1200 737 1271 in
769 1224 811 1273 ea
841 1201 1021 1273 societate.
1055 1203 1143 1294 Quae

158 1357 267 1432 quum
298 1330 347 1401 ita
367 1328 465 1425 sint,
496 1328 534 1398 in
565 1326 734 1398 maiorem
762 1326 910 1398 modum
942 1341 1026 1400 ate
1049 1341 1142 1427 peto,

156 1458 223 1530 Cn·
253 1454 422 1554 Pupium,
455 1453 516 1554 qui
547 1466 600 1525 est
630 1452 668 1523 in
699 1453 816 1552 operis
848 1453 922 1525 eius
954 1454 1140 1553 societatis,

155 1580 318 1654 omnibus
342 1581 412 1652 tuis
436 1578 560 1653 officiis
585 1591 690 1679 atque
714 1578 813 1652 omni
835 1575 1046 1653 liberalitate
1061 1592 1140 1653 tuce

153 1733 214 1803 re,
249 1732 438 1808 curesque,
472 1717 515 1778 nt
545 1705 619 1777 eius
651 1729 803 1805 operae,
833 1703 932 1806 quod
963 1704 1031 1778 tibi
1053 1705 1138 1779 facile

154 1834 250 1907 factu
274 1847 327 1906 est
334 1889 345 1933 ,
377 1858 482 1934 quam
508 1831 721 1930 gratissimae
746 1832 817 1904 sint
840 1831 943 1904 sociis
950 1857 962 1930 3
989 1857 1137 1934 remque,

156 1973 193 2032 et
215 1958 401 2032 utilitatem
426 1959 602 2032 sociorum
627 1939 752 2047 (cuius
780 1958 830 2031 rei
857 1970 1028 2058 quantam
1051 1970 1135 2059 pote·

156 2099 283 2159 statem
310 2097 475 2185 quaestor
498 2082 643 2183 habeat,
676 2108 749 2156 non
774 2109 852 2156 sum
874 2083 1064 2181 ignarus⁸)
1086 2109 1134 2184 per

155 2223 192 2283 te
225 2237 328 2311 qnam
362 2210 512 2282 maxime
547 2210 725 2283 defensam
757 2223 794 2282 et
821 2222 961 2283 auctam
989 2210 1082 2284 velis.
1101 2207 1131 2282 Id

155 2361 264 2436 quum
295 2335 381 2407 milri
418 2336 650 2433 gratissimum
684 2335 806 2408 leceris
818 2390 829 2434 7
861 2349 937 2408 tum
970 2335 1058 2408 illud
1083 2332 1130 2407 tibi
1166 2361 1169 2364 ⁴

54 2473 57 2478 ’
153 2468 318 2562 expertus
348 2463 518 2560 promitto
551 2476 587 2535 et
618 2462 795 2562 spondeo,
823 2475 860 2534 te
884 2462 1001 2535 socios
1025 2460 1127 2558 Bithy·

152 2590 248 2685 niae,
273 2589 302 2661 si
325 2589 367 2660 iis
392 2588 643 2686 commodaris,
675 2612 849 2662 memores
870 2612 946 2662 esse
972 2600 1008 2661 et
1032 2599 1125 2686 gratos

153 2715 383 2814 cogniturum.

502 2965 774 3042 CCXXXVIIL
896 3003 1103 3068 (nantem)

151 3140 372 3220 Argumentwn.
397 3163 408 3203 r
431 3143 491 3204 Res
505 3165 524 3204 a
536 3166 568 3206 se
581 3146 613 3205 in
632 3147 790 3226 provincia
809 3154 904 3226 gestas
924 3145 1116 3226 exponimei
1143 3191 1144 3196 1

192 3256 226 3306 ut
245 3247 277 3306 in
297 3259 401 3310 senatu
421 3250 670 3333 supplicationem
690 3251 747 3314 sibi
767 3251 924 3326 decernat,
945 3254 1028 3313 enixe
1046 3249 1113 3326 regul
