2616 4852
157 309 229 397 Ιὶ,66
495 336 664 416 nmmum
691 337 813 383 ccrrrr.
933 333 964 382 Α.
984 338 1016 383 v.
1036 340 1126 399 cuz

156 439 280 544 quibus
306 441 341 511 in
368 439 508 539 oppidis
534 439 695 511 omnihus
715 451 951 510 commoratus
968 466 1066 512 sum:
1084 467 1150 512 om-

155 594 217 640 nes
243 568 313 638 iam
347 566 445 637 istius
479 567 612 662 generis
645 564 836 664 legationes
862 579 961 637 erant
987 567 1152 639 constitu-

156 707 221 766 tae.
246 693 363 793 Atque
388 689 457 764 hoc
484 704 601 764 tamen
627 704 661 763 te
688 692 776 763 scire
801 689 905 791 volo,
933 718 992 764 me
1020 691 1066 763 de
1091 694 1152 767 isto

155 833 272 892 sumtu
296 817 511 915 legationum
538 833 598 890 aut
623 816 833 916 minuendo,
859 831 920 890 aut
944 818 1153 893 remittendo
1201 812 1203 818 ’

155 944 350 1017 decrevisse
375 944 479 1042 nihil,
503 945 570 1016 nisi
596 944 693 1044 quod
716 944 894 1043 principes
928 945 1114 1025 civitatum
1136 974 1153 1018 a

153 1097 210 1142 me
229 1069 261 1135 ²4
286 1069 538 1169 postulassent:
556 1097 599 1142 ne
617 1071 654 1142 in
672 1069 912 1146 venditionem
929 1071 1155 1172 tributorum,

113 1202 117 1208 ’
154 1211 190 1269 et
215 1196 310 1269 illam
336 1195 593 1269 acerbissimam
618 1197 853 1293 exactionem,
887 1223 995 1296 quam
1020 1211 1061 1269 tu
1087 1225 1153 1270 non

154 1326 304 1422 ignoras,
316 1323 471 1422 capitum
489 1335 593 1423 atque
606 1323 788 1421 ostiorum,
803 1322 1058 1396 inducerentur
1069 1351 1153 1397 sum·

155 1465 214 1523 tus
237 1451 378 1528 minime
404 1444 596 1521 necessarii.
621 1451 699 1546 Ego
726 1462 844 1520 autern
870 1474 980 1550 quum
1005 1449 1078 1522 hoc
1103 1476 1154 1522 su·

155 1577 341 1676 scepissem
354 1632 365 1675 ,
396 1600 470 1648 non
489 1574 615 1648 solum
648 1576 803 1674 iustitia,
835 1574 1030 1648 sedetiam
1057 1576 1156 1648 mise-

154 1700 304 1776 ricordia
338 1701 533 1799 adductus,
564 1715 604 1772 ut
639 1699 793 1773 levarem
826 1701 973 1773 miseriis
1003 1702 1157 1801 perditas

155 1829 340 1925 civitam,
379 1842 415 1899 et
455 1827 610 1926 perditas
646 1829 796 1899 maxime
834 1853 898 1926 per
934 1828 1156 1925 magistratus

154 1979 235 2026 suos
254 1956 296 2051 ²⁵,
321 1979 393 2026 non
426 1955 526 2053 potui
558 1955 595 2024 in
628 1953 688 2026 illo
720 1967 836 2025 sumtu
863 1979 944 2051 non
961 1954 1155 2026 necessario

152 2080 330 2179 negligens
356 2105 439 2152 esse.
466 2080 540 2179 Tu7
573 2107 679 2179 quum
698 2084 730 2130 ²⁶
755 2079 953 2151 istiusmodi
979 2105 1157 2155 sermones

155 2205 201 2278 ad
226 2220 261 2278 te
288 2203 395 2280 delati
429 2205 472 2276 de
504 2232 560 2277 me
595 2220 693 2304 sunt,
726 2232 798 2278 non
830 2205 980 2278 debuisti
1006 2206 1156 2283 credere.

155 2332 191 2403 Si
217 2345 334 2403 autem
360 2331 429 2404 hoc
456 2358 580 2428 genere
607 2332 806 2431 delectaris,
831 2347 872 2404 ut
881 2388 891 2432 7
917 2358 1006 2433 quae
1032 2332 1099 2406 tibi
1122 2333 1157 2403 in

153 2471 308 2529 mentem
333 2459 494 2556 veniant,
527 2458 601 2530 aliis
631 2458 815 2531 attribuas:
852 2484 959 2556 genus
986 2459 1157 2530 sermonis

151 2583 290 2656 inducis
315 2586 351 2655 in
377 2585 564 2656 amicitiam
596 2585 750 2669 minime
771 2584 921 2657 liberale.
956 2588 1037 2682 Ego
1068 2585 1097 2657 si
1121 2586 1157 2656 in

152 2711 336 2808 provincia
371 2710 552 2784 detrahere
587 2711 631 2782 de
666 2725 726 2783 tua
751 2711 842 2783 sarna
868 2737 1038 2812 umquam
1064 2711 1157 2808 cogi-

152 2848 297 2934 tassem,
328 2863 402 2910 non
428 2837 473 2909 ad
500 2863 665 2936 generum
690 2852 791 2909 tuum
815 2836 1006 2910 Lentulum
1024 2854 1069 2936 27,
1096 2863 1156 2909 ne-

153 2941 227 3061 que
247 2962 293 3034 ad
317 2962 481 3035 libertum
507 2979 606 3036 tuum
631 2963 828 3070 Brundisiig
848 2989 962 3065 neque
988 2963 1036 3036 ad
1060 2989 1159 3064 prae·

152 3086 283 3159 fectum
308 3088 445 3163 fabrum
464 3092 495 3140 2⁸
522 3094 721 3190 Corcyrae,
753 3115 858 3191 quern
889 3091 926 3160 in
959 3087 1078 3162 locum
1104 3115 1158 3162 me

152 3213 271 3285 venire
297 3213 418 3313 velles,
444 3216 646 3288 retulissem.
669 3217 787 3308 Quare
808 3231 930 3316 potes,
948 3215 1158 3288 doctissimis

151 3337 354 3411 hominibus
388 3342 607 3440 auctoribus,
640 3369 789 3444 quorum
823 3356 904 3414 sunt
937 3340 981 3412 de
1009 3339 1157 3413 amicitia

152 3463 303 3561 gerenda
320 3483 353 3532 ²9
378 3467 652 3566 praeclarissime
678 3469 799 3569 scripti
825 3468 923 3567 tr‘bri,
955 3493 1064 3564 genus
1091 3465 1157 3538 hoc

152 3602 266 3661 totum
293 3594 460 3696 orationis
487 3594 624 3667 tollere:
659 3593 913 3695 disputabunt,·
941 3617 1004 3690 ego
1032 3606 1155 3664 contra

152 3713 382 3790 disserebam:
408 3718 593 3804 dicebant5
617 3745 680 3817 ego
706 3718 888 3818 negabam.
919 3719 976 3790 An
1002 3717 1090 3788 milri
1115 3717 1163 3786 de

152 3853 187 3910 te
213 3842 299 3915 nihil
326 3871 400 3917 esse
427 3846 560 3918 dictum
585 3873 751 3948 umquam
778 3843 903 3944 putasl
929 3869 973 3914 ne
996 3843 1065 3915 hoc
1085 3841 1170 3941 qui-
