2616 4852
156 338 236 435 '424
528 353 799 411 uuuorsrronrs

167 467 202 542 14
222 464 377 542 Quoniam
399 461 532 542 coepisti.
559 458 735 519 Sic-omues
761 459 825 519 lere
854 456 942 530 libri,
970 469 1034 519 tum
1056 460 1143 523 Ambb.

200 582 266 632 turn
280 570 410 629 aliorum
421 576 492 627 veti.
506 566 609 646 Vulgo
619 564 742 648 quando
754 566 914 639 instituisti,
926 567 1037 628 Graev.
1045 589 1122 650 quun
1131 573 1142 631 i.

199 679 256 739 Est
282 680 314 737 in
335 674 433 736 tribus
457 675 585 746 nostris,
606 683 636 734 et
656 673 715 733 Gu.
737 694 756 733 n
776 673 860 754 apud
888 673 1063 736 Ernestium
1087 698 1140 758 quo·

200 783 288 844 modo
308 782 463 854 instituisti,
484 781 568 862 quod
587 801 649 840 uon
662 792 708 841 est
721 782 989 843 contemnendum.
1010 783 1141 844 ldemlir·

198 894 313 953 nestius
333 887 511 951 coniiciebat
531 900 564 948 ut
583 889 735 950 instituisti

165 999 291 1060 15-Rec.
312 1007 343 1058 et
362 997 429 1057 edd.
449 1006 521 1056 vett.
541 1009 572 1056 et
589 994 680 1058 uideo.

165 1105 201 1167 16
219 1106 358 1165 Primum
378 1117 408 1164 et
427 1105 528 1165 omisit
541 1105 631 1164 tacite
644 1104 800 1170 Graevius.
814 1104 904 1166 Bene.
919 1103 982 1166 sed
995 1117 1025 1166 et
1038 1106 1134 1166 alterum

200 1224 231 1272 et
249 1211 410 1272 delendum
430 1221 508 1272 erat:
528 1212 698 1283 cohortare,
717 1211 878 1293 canitura,
896 1211 998 1275 redde.
1020 1214 1115 1274 Ernesi

165 1340 199 1399 ¹7
219 1319 325 1380 Amori
346 1317 425 1378 illius
438 1338 511 1398 erga
523 1339 581 1380 me.
603 1318 722 1380 Manut.
742 1321 778 1379 ln
791 1319 948 1402 aliquibus
963 1320 1067 1383 Ambb.
1077 1320 1132 1403 quod

198 1446 228 1507 q.
247 1424 330 1485 desit.

588 1640 738 1704 CCXXX.
786 1637 794 1650 '

164 1877 174 1916 1
200 1857 301 1937 Quem
321 1867 352 1917 et
368 1869 535 1937 praetorem
555 1857 718 1939 Ephesium
737 1868 828 1918 vocat
853 1856 935 1919 alibi.
963 1857 1068 1922 Confer
1082 1877 1125 1920 cun

199 1963 317 2025 duabus
338 1985 407 2047 epp.
429 1986 510 2046 seqq.
533 1966 604 2024 Mox
624 1965 695 2026 Ree.
714 1987 830 2046 procos.

157 2091 176 2129 n
196 2071 287 2131 Multi
307 2071 377 2130 libri
401 2070 553 2132 Gemicilio
572 2093 608 2132 ex
629 2073 827 2135 similitudine
847 2074 1006 2134 literarum
1025 2079 1062 2134 mi
1070 2076 1124 2132 uuir

196 2199 266 2238 mss.
288 2179 386 2237 lmmo
408 2181 498 2238 etiam
519 2179 599 2240 Aulo
623 2179 660 2240 G.

157 2285 175 2344 3
201 2284 242 2344 Te
263 2296 435 2366 suspectum
461 2286 519 2346 fuit
545 2289 636 2347 etiam
662 2287 801 2349 Manutio
827 2300 859 2350 et
879 2289 1027 2352 Emestio.
1052 2290 1123 2350 Cium

196 2412 316 2475 semper
335 2394 521 2453 commodare
541 2395 638 2454 alicui.

154 2499 254 2576 illic
274 2502 404 2560 sumitur
423 2521 481 2583 pro
502 2501 554 2562 illa
573 2503 661 2563 Asiae
687 2514 792 2586 parte,
813 2525 892 2585 quae
921 2518 966 2567 est
987 2507 1024 2568 ad
1042 2505 1122 2566 Helles·

194 2619 332 2689 ponium.
353 2608 423 2670 Vid.
446 2609 538 2670 lndie.

154 2713 175 2773 5
195 2716 448 2798 Hellespontiam:
469 2738 507 2777 ne
527 2719 558 2776 in
580 2718 735 2801 Ephesina
756 2713 887 2780 διοίκησει
911 2721 1060 2804 (Ephesus
1072 2720 1121 2781 enim

193 2824 339 2903 primaria
357 2822 431 2882 urbs
452 2836 516 2884 erat
537 2846 660 2898 eorum,
682 2830 734 2907 qui
755 2829 844 2888 Asiae
871 2832 1043 2912 provinciae
1066 2843 1121 2910 pras

194 2939 296 3000 erant,
317 2950 363 3010 ep.
385 2930 467 3002 CCI,
489 2951 506 2990 n
528 2943 558 2991 et
579 2933 770 3015 CCXXXII)
793 2936 988 2997 incommodo
1015 2958 1065 2997 suo
1084 2931 1120 2992 lili-

194 3055 265 3114 gare
285 3048 419 3116 cogatur.
440 3038 557 3098 Muuut.
1167 3054 1170 3121 l

573 3254 738 3315 CCXXXl.

155 3480 166 3519 1
193 3458 242 3519 Sic
262 3460 331 3521 libri
353 3461 414 3524 fere
435 3485 556 3539 omnes,
578 3470 671 3528 etsie
693 3469 826 3530 latinitas
848 3474 990 3554 postulat.
1009 3464 1121 3532 lemno

190 3564 281 3627 Amb.
299 3578 331 3628 et
351 3569 421 3630 Ree.
442 3575 515 3634 milri
531 3575 661 3656 qurundo.
684 3576 788 3659 Vulgo
809 3598 904 3660 quum
920 3581 997 3640 milii.

150 3689 167 3729 2
190 3670 240 3731 Sic
253 3672 428 3749 Victorius,
442 3700 582 3759 graecam
596 3680 829 3745 declinationem
844 3697 1004 3767 sequutus,
1016 3702 1063 3744 nun
1073 3677 1121 3735 tine

189 3776 282 3840 libris.
303 3781 363 3842 Alii
390 3783 517 3863 Mylasii
542 3799 571 3849 et
590 3789 836 3865 Alibanderues3
860 3792 950 3856 Amb.
975 3792 1007 3852 13
1024 3799 1048 3850 el
1064 3782 1118 3843 lec·

189 3884 326 3966 Mylesii,
347 3889 453 3951 Lamb.
475 3893 614 3986 Mylasei.
