2616 4852
179 327 250 423 254
483 353 655 402 urisroea
681 354 873 404 ccxxxviii.
964 352 996 403 s.
1014 357 1048 402 v.
1066 359 1113 413 cs

175 483 253 531 sum
280 467 512 555 consecutus,
544 483 634 558 quae
663 455 768 529 nullis
793 455 993 554 legionibus
1019 483 1113 533 com(

173 585 388 684 potuissem:
423 566 464 656 ut
493 608 536 655 ex
561 577 781 657 alienissimis
806 584 1113 658 sociis'amiciseiu

173 735 216 808 ex
241 704 491 785 infidelissimis
517 696 734 784 firmissimos
756 707 961 809 redderem,
979 711 1113 785 animos

172 862 346 911 novarum
370 838 487 910 rerum
512 820 780 939 inspectatione¹
804 862 1021 937 suspensos,
1054 837 1100 937 ad

171 965 256 1038 leris
280 965 419 1063 imperii
444 963 722 1038 benivolentiam
742 964 975 1038 traducerem.
995 963 1114 1041 Sedni

169 1090 258 1163 haec
284 1091 394 1164 multa
421 1090 466 1165 de
493 1116 566 1191 me,
591 1092 798 1191 praesertim
824 1091 871 1165 ad
896 1106 989 1192 te,a
1014 1119 1113 1192 quor

171 1215 331 1290 omnium
355 1218 533 1291 sociorum
560 1217 721 1319 querelae
747 1217 957 1292 audiuntur:
991 1245 1113 1318 coguor

74 1395 77 1400 Δ
169 1370 212 1417 ex
244 1345 309 1443 iis,
344 1345 405 1446 qui
437 1346 525 1417 meis
558 1345 727 1418 institutis
760 1371 799 1418 se
832 1360 1011 1420 recreatos
1044 1360 1113 1447 puta

168 1471 359 1573 Quumque
386 1479 508 1544 omnes
534 1496 605 1543 uno
624 1497 738 1572 prope
755 1496 930 1546 consensu
950 1472 995 1545 de
1011 1499 1068 1547 me
1084 1499 1113 1574 aq

168 1609 288 1706 teiea,
315 1612 404 1700 quae
431 1598 517 1670 mihi
543 1598 765 1698 optatissima
789 1612 888 1698 sunt,
907 1600 1113 1700 praedicabo

167 1737 244 1797 tum
270 1725 359 1798 duae
386 1725 559 1798 maximae
585 1724 770 1798 clientelae
790 1740 891 1824 tuae,
907 1727 1050 1826 Cyprus
1067 1728 1113 1821 ins

165 1863 202 1923 et
226 1850 475 1951 Cappadociae
499 1877 647 1950 regnum
662 1850 707 1951 43,
731 1865 848 1924 tecum
876 1851 920 1924 de
947 1879 1004 1925 me
1030 1851 1113 1955 loqu

165 1991 232 2050 tur.
270 1980 364 2052 Puto
398 1979 505 2051 etiam
538 2004 655 2076 regem
680 1979 906 2078 Deiotarum,
939 1982 1002 2080 qui
1027 1981 1113 2053 unii

162 2118 217 2176 est
254 2106 406 2178 maxime
442 2105 668 2178 necessarius.
707 2107 810 2198 Quae
842 2107 873 2180 si
906 2107 1016 2180 etiam
1045 2107 1113 2183 maii

162 2245 266 2329 sunt,
297 2244 333 2303 et
364 2232 402 2302 in
436 2232 600 2304 omnibus
633 2231 783 2306 saeculis
817 2234 1005 2332 pauciores
1031 2235 1096 2309 viri

161 2357 384 2458 pertisum,
418 2358 478 2460 qui
512 2385 592 2430 suas
627 2359 861 2459 cupiditates,
890 2386 1000 2464 quam
1025 2360 1113 2464 quil

160 2485 267 2556 stium
293 2485 415 2587 copias
441 2485 641 2559 vincerent:
668 2499 722 2558 est
747 2486 907 2586 profecto
928 2502 1051 2587 tuum,
1066 2515 1113 2591 qu

160 2609 207 2683 ad
232 2637 287 2684 res
312 2610 456 2685 bellicas
483 2612 595 2711 haec,
629 2638 718 2715 quae
752 2614 882 2686 rariora
914 2628 950 2686 et
976 2614 1113 2690 difficili

159 2752 259 2837 sunt⁷
285 2765 411 2836 genera
437 2740 578 2813 virtutis
605 2739 824 2841 adiunxeris,
842 2741 937 2841 ipsas
963 2724 1073 2817 eliam
1095 2741 1113 2816 il

157 2893 213 2938 res
238 2881 369 2964 gestas,
393 2867 555 2939 iustiores
571 2864 605 2932 44
631 2880 668 2939 et
692 2868 841 2940 maiores
867 2881 1007 2967 putare.
1045 2872 1113 2944 Exl

157 3017 255 3062 mum
280 2991 368 3097 illud
394 3007 465 3091 est⁷
481 3007 538 3092 ut,
556 2994 656 3094 quasi
674 2992 837 3072 diffidens
857 2996 1037 3093 rogationi
1056 3022 1113 3071 mo

155 3115 419 3217 philosophiam
445 3117 491 3190 ad
516 3133 551 3190 te
577 3118 724 3218 allegem
742 3119 793 3192 4⁵:
815 3122 884 3222 qlla
910 3146 978 3194 nec
1004 3121 1092 3197 mihi

154 3243 228 3316 rior
252 3242 323 3315 ulla
347 3271 516 3346 umquam
542 3272 595 3318 res
620 3247 658 3318 in
685 3248 758 3319 vita
782 3247 864 3346 fuit,
889 3274 956 3322 nec
984 3250 1113 3323 homini

155 3370 273 3466 generi
298 3371 409 3444 maius
436 3397 455 3443 a
482 3371 548 3444 diis
572 3398 698 3445 munus
717 3372 828 3445 ullum
846 3387 899 3446 est
918 3374 1052 3448 datum.
1071 3376 1113 3450 Ηε

153 3480 277 3594 igitur,
310 3524 399 3598 quae
432 3499 519 3571 mihi
545 3513 663 3572 tecum
690 3503 887 3575 communis
914 3517 989 3603 est,
1016 3505 1113 3578 socier

152 3621 351 3696 studiorum
376 3640 482 3726 atque
508 3627 635 3699 artium
660 3641 878 3727 nostrarum,
896 3631 1025 3730 quibus
1043 3658 1063 3704 a
1079 3657 1113 3730 pr

152 3749 232 3821 rilia
267 3749 377 3823 dediti
414 3779 455 3824 ac
494 3752 672 3850 devincti,
705 3753 770 3828 soli
804 3757 1066 3855 propemodum
1094 3782 1113 3826 r

150 3875 412 3977 philosophiam
436 3879 533 3952 illam
560 3906 679 3954 veram
705 3895 741 3953 et
761 3883 963 3983 antiquam,
980 3910 1113 3985 quaeq
