2616 4852
113 427 116 432 1
155 327 228 429 276
463 342 635 394 semrom
661 344 797 392 ccxmv.
936 337 1126 400 t.-v.c.7u

153 475 342 553 properare
369 447 544 520 dixissent.
565 448 688 547 Itaque
707 444 819 517 nullas
836 443 896 542 iis,
912 455 1134 544 praeterquan

155 579 201 651 ad
227 593 262 650 te
288 591 324 649 et
349 575 394 647 ad
419 577 586 671 Brutum,
612 572 694 644 dedi
719 572 845 644 literas.

206 732 227 777 2
253 702 372 801 Legati
400 699 582 800 Appianil
607 699 694 770 mihi
721 697 888 771 volumen
909 723 928 769 a
948 711 998 796 te,
1017 695 1134 796 plenun

155 829 315 933 querelae
346 827 600 929 iniquissimae,
632 824 880 924 reddiderunt,
915 824 1014 925 quod
1040 850 1134 921 eorun

156 955 468 1031 aedificationem5
494 953 603 1026 literis
636 953 723 1025 meis
755 951 992 1053 impedissem.
1024 950 1134 1022 Eaden

155 1099 272 1157 autem
305 1081 455 1182 epistola
490 1079 655 1181 petebas,
686 1093 727 1152 ut
759 1104 820 1152 eos
853 1079 1130 1179 quamprimum

153 1236 199 1282 ne
230 1210 270 1281 iu
299 1208 452 1281 hiemem
483 1206 695 1304 inciderent,
728 1204 774 1277 ad
807 1204 1012 1277 facultatem
1040 1202 1134 1275 aedili

154 1335 259 1408 candi
290 1334 498 1433 liberarem,
529 1346 565 1404 et
597 1331 700 1404 simul
732 1324 898 1431 peracute
924 1329 1134 1431 querebare⁶

156 1461 253 1563 quod
277 1486 338 1534 eos
365 1460 495 1534 tributa
534 1460 670 1557 exigere
706 1471 862 1530 vetarem
898 1457 997 1557 prius
1008 1513 1019 1556 ,
1055 1482 1134 1558 quan

154 1613 240 1687 ego,
264 1615 302 1662 re
329 1565 487 1687 cognita,
511 1586 754 1687 permisissem.
782 1585 903 1657 Genus
929 1585 1026 1655 enim
1051 1581 1134 1685 quod

157 1712 241 1786 dam
272 1711 408 1814 fuisse7
441 1710 676 1813 impediendi,
708 1736 817 1813 quum
849 1735 913 1809 ego
948 1733 1134 1808 cognoscere

154 1866 230 1913 non
254 1866 412 1941 possem,
444 1841 511 1912 nisi
546 1866 653 1940 quum
680 1837 726 1910 ad
751 1837 900 1909 hiemem
927 1862 984 1908 me
1011 1861 1052 1909 ex
1074 1832 1134 1910 (lili-

156 1967 210 2039 cia
246 1968 465 2066 recepissem.
499 1965 557 2038 Ad
589 1965 706 2038 omnia
741 1966 883 2065 accipe,
916 1978 953 2038 et
986 1985 1134 2062 cognosce

154 2092 395 2192 aequitatem8
423 2091 714 2191 expostulationis
741 2105 830 2164 tuae.
855 2091 1032 2190 Primum,
1050 2114 1134 2191 quum

154 2217 201 2288 ad
225 2243 282 2288 me
309 2216 443 2291 aditum
479 2231 572 2290 esset
604 2218 649 2289 ah
681 2219 746 2317 iis,
780 2220 839 2319 qui
872 2217 1051 2317 dicerent,
1074 2239 1134 2289 are

153 2341 385 2415 intolerabilia
419 2343 550 2416 tributa
583 2345 694 2444 exigi:
727 2344 813 2447 quid
844 2343 969 2418 habuit
997 2344 1134 2445 iniquita·

155 2467 218 2567 tis,
251 2495 309 2541 me
344 2468 518 2570 scribere,
551 2496 596 2542 nc
630 2470 786 2543 facerent
819 2484 923 2570 ante,
956 2497 1062 2572 quam
1090 2492 1134 2566 egr

152 2620 228 2666 rem
253 2621 463 2698 causamque
489 2596 751 2695 cognosseml.9
776 2596 858 2671 Nou
883 2611 1064 2696 poteram,
1086 2619 1134 2669 cre·

155 2720 219 2820 do,
255 2736 336 2794 ante
368 2723 529 2796 hiemem.
566 2723 624 2794 Sic
656 2724 751 2794 eui-m
776 2722 908 2796 scribis.
939 2724 1048 2816 Quasi
1073 2745 1134 2794 verr

153 2846 199 2919 ad
225 2849 510 2947 cognoscendum
536 2875 601 2947 ego
628 2849 673 2921 ad
697 2849 776 2922 illos
790 2864 830 2949 ¹⁰,
855 2875 928 2922 non
954 2849 1005 2922 illi
1032 2848 1077 2922 a'd
1096 2871 1134 2920 nu

152 2974 272 3045 venire
310 2974 504 3048 debuerint.
539 2977 628 3048 Tam
662 2973 788 3075 longel
810 2991 838 3026 ¹¹
873 2977 997 3078 inquis.
1036 2972 1135 3068 Quid]

153 3125 261 3198 quum
288 3100 396 3172 dabas
421 3102 463 3173 iis
488 3101 623 3202 literas,
647 3129 712 3202 per
738 3129 824 3203 quas
851 3129 991 3175 mecum
1017 3102 1130 3202 agebas

152 3250 198 3295 ne
224 3251 284 3298 eos
309 3226 538 3327 impedirem,
572 3254 642 3329 quo
675 3230 790 3301 minus
817 3241 898 3302 ante
924 3228 1076 3302 hiemem
1098 3251 1134 3299 ee

155 3347 355 3450 dificerent,
379 3378 452 3426 uon
479 3380 540 3427 eos
567 3354 694 3428 adme
721 3368 889 3430 venturos
920 3350 1134 3428 arbitrabare?

154 3476 312 3550 Tametsi
336 3478 376 3551 id
401 3479 545 3580 quidem
571 3481 729 3554 fecerunt
753 3480 907 3554 ridicule.
942 3483 1040 3575 Quas
1065 3480 1134 3554 enin

151 3600 271 3676 literas
297 3603 506 3706 afferebant,
523 3622 564 3681 ut
588 3634 678 3710 opus
704 3621 836 3681 aestate
862 3606 976 3682 facere
1000 3615 1134 3708 possent,

153 3754 211 3802 eas
237 3729 323 3802 mihi
349 3746 433 3831 post
457 3732 620 3808 brumam
646 3734 884 3808 reddiderunt.
911 3736 982 3809 Sed
1001 3735 1134 3830 scitne

152 3854 264 3928 multo
290 3857 408 3957 plures
435 3886 528 3961 esse,
545 3863 603 3963 qui
623 3861 667 3934 de
692 3861 831 3935 tributis
857 3877 1036 3962 recusent,
1051 3881 1134 3962 quem
