2616 4852
185 341 253 439 174
512 361 684 410 trrsroua
709 361 849 408 ccxxur.
958 358 991 411 a
1008 362 1043 410 v.
1062 362 1090 407 c.
1109 376 1153 423 7⁰²

174 463 331 536 maximo
355 462 480 563 plausu
505 462 670 535 tulisset.
703 462 867 560 Quaeris,
896 464 1030 563 quain
1055 464 1175 536 causat

172 589 220 660 Μ.
247 589 436 686 Tuccium,
462 602 701 662 accusatorem
726 615 845 685 suum,
874 605 957 688 post
982 587 1089 663 ludos
1113 591 1177 662 Ro·

173 717 329 787 manos⁵
354 741 453 788 reum
485 714 562 812 lege
587 714 702 788 Plotia
729 714 773 786 de
798 716 834 787 vi
859 713 964 812 fecit,
995 714 1069 787 hoc
1095 740 1176 788 oon-

171 840 270 939 silio,
295 840 392 943 quod
411 837 573 940 videbat,
590 842 619 914 si
637 841 929 915 extraordinarius
946 844 1058 914 reus⁶
1074 866 1175 914 nemo

172 968 392 1067 accessisset,
409 968 475 1040 sibi
496 968 566 1040 hoc
593 994 685 1040 auno
714 994 853 1041 causam
878 994 953 1040 esse
981 967 1174 1040 dicendam.

171 1091 328 1171 Dubium
352 1121 460 1195 porro
485 1095 536 1166 illi
560 1119 635 1167 nou
661 1109 752 1194 erat,
770 1094 855 1196 quid
872 1093 1029 1168 futurum
1047 1108 1140 1169 esset
1151 1115 1174 1166 ⁷.

169 1225 310 1299 Nemini
343 1222 412 1294 hoc
451 1220 584 1293 deferre
615 1220 863 1293 munusculum
895 1220 1037 1318 maluit,
1064 1203 1172 1322 xquam

170 1376 233 1424 suo
255 1348 459 1422 accusatori.
484 1349 609 1447 Itaque
635 1349 709 1419 sine
734 1345 807 1419 ullo
833 1345 1101 1447 subscriptore⁸
1118 1345 1172 1418 de·

169 1475 328 1574 scandit,
365 1489 400 1546 et
425 1474 598 1546 Tuccium
629 1499 729 1546 reum
761 1473 851 1544 feeit.
882 1473 930 1545 At
955 1498 1043 1573 ege,
1072 1468 1169 1544 simul

167 1615 272 1703 atque
298 1601 434 1700 andivi,
458 1601 644 1673 invocatus
669 1599 715 1672 ad
739 1599 900 1672 subsellia
918 1601 969 1672 rei
986 1615 1166 1695 occurrat,

166 1755 288 1827 surgo,
313 1754 426 1829 neque
452 1727 600 1801 verbum
626 1726 670 1800 de
695 1726 857 1826 refusio,
874 1740 988 1799 totum
1007 1727 1161 1826 Sempro·
1202 1710 1211 1815 ¹,

164 1856 272 1926 nium·
295 1881 404 1954 usque
442 1878 484 1925 eo
521 1879 652 1951 perago
671 1870 711 1951 ¹⁰,
735 1865 776 1924 ut
799 1852 1004 1925 Vestorium
1030 1878 1160 1954 quoquc

83 2002 86 2007 ’
163 1981 405 2080 interponam,
424 1994 460 2051 et
479 1978 575 2050 illam
600 1976 755 2050 fabulam
770 1995 796 2027 ¹¹
823 2004 978 2076 narrem,
1006 1975 1158 2078 quemad·
1209 2068 1211 2077 ¹

162 2107 311 2180 modum
338 2106 401 2178 tibi
426 2131 493 2204 pro
519 2104 692 2177 beneficio
720 2104 871 2203 dederit,
903 2105 932 2175 si
967 2103 1055 2205 quid
1079 2103 1156 2176 iniu-

160 2232 220 2305 riis
246 2232 316 2303 suis
342 2244 453 2330 esset,
479 2230 578 2330 quod
602 2231 785 2304 Vestorius
811 2244 945 2304 teneret
964 2247 1005 2303 ¹².

213 2384 234 2430 2
260 2358 358 2431 Haec
385 2383 524 2457 quoque
558 2382 685 2456 magna
717 2382 812 2429 nunc
845 2355 1152 2429 contentiosorum

161 2496 266 2555 tenet.
294 2484 341 2554 M.
368 2481 557 2580 Servilius,
582 2497 788 2582 postquam,
812 2496 852 2554 ut
877 2496 1064 2582 coeperat,
1088 2507 1151 2554 om·
1201 2476 1204 2483 ’

157 2608 261 2681 nibus
286 2611 324 2680 in
349 2607 454 2681 rebus
482 2607 663 2707 turbarat,
700 2633 787 2707 nec,
812 2606 908 2708 quod
933 2634 1008 2712 non
1033 2607 1151 2682 vende·
1203 2664 1211 2673 .

155 2750 230 2835 ret,
269 2736 459 2837 quicquam
486 2737 515 2785 ¹³
553 2733 765 2836 reliquerat,
800 2735 1024 2837 maximaque
1061 2733 1150 2808 nobis

156 2862 303 2935 traditus
338 2876 413 2934 erat
444 2860 595 2934 invidia:
628 2887 743 2962 neque
774 2862 972 2933 Laterensis
998 2874 1149 2962 praetor,

56 3055 58 3060 Α
154 2987 355 3085 postulante
380 2989 570 3086 Pausania,
598 2987 700 3059 nobis
725 2990 906 3086 patronis,
932 3013 1006 3074 ovo
1032 3010 1077 3061 aa
1101 3013 1148 3059 rr·
1208 3080 1211 3087 Ι

95 3174 105 3207 ,
155 3135 267 3185 ovum
289 3111 555 3212 eaavrmsssr,
584 3114 738 3212 recipere
765 3112 876 3187 voluit
895 3112 934 3184 ι[1.
967 3114 1078 3206 Quod
1100 3113 1147 3186 Pi·

1208 3208 1211 3225 1

1205 3245 1211 3273 l

155 3237 240 3336 lius,
257 3241 473 3311 necessarius
490 3240 598 3312 Attici
614 3241 736 3339 nostri,
753 3239 797 3311 de
814 3240 1018 3339 repetundis
1040 3238 1147 3313 eum¹⁵
1207 3278 1211 3331 ς

154 3364 363 3463 postulavit:
389 3391 515 3463 magna
539 3365 633 3439 illico
651 3364 742 3439 fama
760 3368 923 3467 surrexit,
941 3381 977 3439 et
996 3367 1041 3440 de
1060 3366 1145 3440 dam·
1206 3356 1211 3426 ιἶ

154 3492 298 3563 natione
323 3491 497 3565 ferventer
520 3492 618 3594 loqui
635 3508 688 3566 est
705 3508 872 3594 coeptum
887 3496 925 3565 ¹⁶.
947 3494 1031 3586 Quo
1049 3504 1143 3568 vento
1201 3524 1211 3549 ι

152 3617 336 3715 proiicitur
360 3619 497 3718 Appius
517 3636 545 3685 ¹7
572 3622 699 3718 minor,
732 3635 771 3692 ut
796 3620 944 3718 indicet,
968 3620 1141 3721 pecuniam

152 3768 194 3812 ex
219 3743 322 3816 bonis
348 3746 458 3843 patris
484 3748 683 3845 pervenisse
710 3744 756 3817 ad
781 3745 984 3845 Servilium,
1009 3770 1139 3846 praeva-

150 3868 394 3970 ricationisque
413 3897 516 3944 causa
535 3872 665 3946 diceret
683 3871 883 3971 depositum
901 3869 1135 3946 1181111118.
