<?xml version="1.0" encoding="UTF-8"?>
<!DOCTYPE html PUBLIC "-//W3C//DTD XHTML 1.0 Transitional//EN"
    "http://www.w3.org/TR/xhtml1/DTD/xhtml1-transitional.dtd">
<html xmlns="http://www.w3.org/1999/xhtml" xml:lang="en" lang="en">
 <head>
  <title>
</title>
<meta http-equiv="Content-Type" content="text/html;charset=utf-8" />
  <meta name='ocr-system' content='tesseract 3.04.00' />
  <meta name='ocr-capabilities' content='ocr_page ocr_carea ocr_par ocr_line ocrx_word'/>
</head>
<body>
  <div class='ocr_page' id='page_1' title='image "./mtulliiciceroni02cicegoog_0101.png"; bbox 0 0 2616 4852; ppageno 0'>
   <div class='ocr_carea' id='block_1_1' title="bbox 65 336 1171 3820">
    <p class='ocr_par' dir='ltr' id='par_1_1' title="bbox 68 336 1168 1825">
     <span class='ocr_line' id='line_1_1' title="bbox 158 336 1149 436; baseline -0.003 -34"><span class='ocrx_word' id='word_1_1' title='bbox 158 336 208 436; x_wconf 83' lang='lat'>96</span> <span class='ocrx_word' id='word_1_2' title='bbox 515 353 686 403; x_wconf 73' lang='lat' dir='ltr'>teleneu</span> <span class='ocrx_word' id='word_1_3' title='bbox 713 356 802 400; x_wconf 69' lang='lat' dir='ltr'>ccvi.</span> <span class='ocrx_word' id='word_1_4' title='bbox 942 354 974 400; x_wconf 77' lang='grc' dir='ltr'>Α.</span> <span class='ocrx_word' id='word_1_5' title='bbox 992 355 1028 400; x_wconf 86' lang='lat' dir='ltr'>v.</span> <span class='ocrx_word' id='word_1_6' title='bbox 1046 355 1074 400; x_wconf 87' lang='lat' dir='ltr'>c.</span> <span class='ocrx_word' id='word_1_7' title='bbox 1095 368 1149 414; x_wconf 70' lang='lat'>50²</span> 
     </span>
     <span class='ocr_line' id='line_1_2' title="bbox 158 454 1167 558; baseline -0.004 -26"><span class='ocrx_word' id='word_1_8' title='bbox 158 460 288 558; x_wconf 84' lang='lat' dir='ltr'>Totus,</span> <span class='ocrx_word' id='word_1_9' title='bbox 316 473 354 530; x_wconf 89' lang='lat' dir='ltr'>ut</span> <span class='ocrx_word' id='word_1_10' title='bbox 380 484 473 529; x_wconf 91' lang='lat' dir='ltr'>nunc</span> <span class='ocrx_word' id='word_1_11' title='bbox 500 472 568 556; x_wconf 90' lang='lat' dir='ltr'>est,</span> <span class='ocrx_word' id='word_1_12' title='bbox 594 457 663 529; x_wconf 91' lang='lat' dir='ltr'>hoc</span> <span class='ocrx_word' id='word_1_13' title='bbox 689 457 886 529; x_wconf 86' lang='lat' dir='ltr'>scaturit¹¹.</span> <span class='ocrx_word' id='word_1_14' title='bbox 904 454 1019 527; x_wconf 85' lang='lat' dir='ltr'>Huius</span> <span class='ocrx_word' id='word_1_15' title='bbox 1039 455 1167 528; x_wconf 87' lang='lat' dir='ltr'>volun-</span> 
     </span>
     <span class='ocr_line' id='line_1_3' title="bbox 158 581 1168 682; baseline -0.004 -23"><span class='ocrx_word' id='word_1_16' title='bbox 158 587 238 660; x_wconf 86' lang='lat' dir='ltr'>tatis</span> <span class='ocrx_word' id='word_1_17' title='bbox 264 585 403 658; x_wconf 86' lang='lat' dir='ltr'>initium</span> <span class='ocrx_word' id='word_1_18' title='bbox 429 599 465 656; x_wconf 88' lang='lat' dir='ltr'>et</span> <span class='ocrx_word' id='word_1_19' title='bbox 490 610 595 673; x_wconf 74' lang='lat' dir='ltr'>causa</span> <span class='ocrx_word' id='word_1_20' title='bbox 621 597 675 655; x_wconf 88' lang='lat' dir='ltr'>est</span> <span class='ocrx_word' id='word_1_21' title='bbox 694 598 735 681; x_wconf 85' lang='lat'>¹²,</span> <span class='ocrx_word' id='word_1_22' title='bbox 763 581 861 682; x_wconf 92' lang='lat' dir='ltr'>quod</span> <span class='ocrx_word' id='word_1_23' title='bbox 885 607 968 653; x_wconf 90' lang='lat' dir='ltr'>eum</span> <span class='ocrx_word' id='word_1_24' title='bbox 991 608 1067 655; x_wconf 88' lang='lat' dir='ltr'>non</span> <span class='ocrx_word' id='word_1_25' title='bbox 1095 609 1168 655; x_wconf 86' lang='lat' dir='ltr'>me·</span> 
     </span>
     <span class='ocr_line' id='line_1_4' title="bbox 157 707 1167 811; baseline -0.008 -24"><span class='ocrx_word' id='word_1_26' title='bbox 157 712 322 787; x_wconf 84' lang='lat' dir='ltr'>diocriter</span> <span class='ocrx_word' id='word_1_27' title='bbox 348 714 493 810; x_wconf 85' lang='lat' dir='ltr'>Caesar,</span> <span class='ocrx_word' id='word_1_28' title='bbox 524 711 584 811; x_wconf 91' lang='lat' dir='ltr'>qui</span> <span class='ocrx_word' id='word_1_29' title='bbox 617 709 720 797; x_wconf 42' lang='lat' dir='ltr'>solet,</span> <span class='ocrx_word' id='word_1_30' title='bbox 744 710 946 781; x_wconf 82' lang='lat' dir='ltr'>infimorum</span> <span class='ocrx_word' id='word_1_31' title='bbox 979 707 1167 787; x_wconf 85' lang='lat' dir='ltr'>hominum</span> 
     </span>
     <span class='ocr_line' id='line_1_5' title="bbox 156 833 1166 941; baseline -0.003 -29"><span class='ocrx_word' id='word_1_32' title='bbox 156 841 326 913; x_wconf 78' lang='lat' dir='ltr'><strong>amicitias</strong></span> <span class='ocrx_word' id='word_1_33' title='bbox 350 838 417 912; x_wconf 79' lang='lat' dir='ltr'>sibi</span> <span class='ocrx_word' id='word_1_34' title='bbox 442 836 599 939; x_wconf 87' lang='lat' dir='ltr'>qualibet</span> <span class='ocrx_word' id='word_1_35' title='bbox 623 837 782 936; x_wconf 89' lang='lat' dir='ltr'>impensa</span> <span class='ocrx_word' id='word_1_36' title='bbox 812 834 1026 934; x_wconf 77' lang='lat' dir='ltr'>adiungere,</span> <span class='ocrx_word' id='word_1_37' title='bbox 1061 833 1166 941; x_wconf 79' lang='lat' dir='ltr'>valde</span> 
     </span>
     <span class='ocr_line' id='line_1_6' title="bbox 68 961 1163 1065; baseline -0.008 -19"><span class='ocrx_word' id='word_1_38' title='bbox 68 1040 70 1046; x_wconf 91' lang='lat'><em>.</em></span> <span class='ocrx_word' id='word_1_39' title='bbox 156 966 351 1043; x_wconf 80' lang='lat' dir='ltr'><strong>contemsit.</strong></span> <span class='ocrx_word' id='word_1_40' title='bbox 377 967 458 1058; x_wconf 91' lang='lat' dir='ltr'>Qua</span> <span class='ocrx_word' id='word_1_41' title='bbox 482 965 520 1038; x_wconf 92' lang='lat' dir='ltr'>in</span> <span class='ocrx_word' id='word_1_42' title='bbox 545 989 583 1038; x_wconf 82' lang='lat' dir='ltr'>re</span> <span class='ocrx_word' id='word_1_43' title='bbox 608 963 696 1037; x_wconf 89' lang='lat' dir='ltr'>mihi</span> <span class='ocrx_word' id='word_1_44' title='bbox 720 962 861 1036; x_wconf 84' lang='lat' dir='ltr'>videtur</span> <span class='ocrx_word' id='word_1_45' title='bbox 876 961 965 1035; x_wconf 92' lang='lat' dir='ltr'>illud</span> <span class='ocrx_word' id='word_1_46' title='bbox 988 988 1163 1065; x_wconf 83' lang='lat' dir='ltr'><strong>perquam</strong></span> 
     </span>
     <span class='ocr_line' id='line_1_7' title="bbox 154 1088 1164 1192; baseline -0.005 -25"><span class='ocrx_word' id='word_1_47' title='bbox 154 1106 302 1169; x_wconf 83' lang='lat' dir='ltr'>venuste</span> <span class='ocrx_word' id='word_1_48' title='bbox 328 1092 514 1192; x_wconf 86' lang='lat' dir='ltr'>cecidisse,</span> <span class='ocrx_word' id='word_1_49' title='bbox 547 1090 644 1192; x_wconf 90' lang='lat' dir='ltr'>quod</span> <span class='ocrx_word' id='word_1_50' title='bbox 673 1117 694 1163; x_wconf 90' lang='lat' dir='ltr'>a</span> <span class='ocrx_word' id='word_1_51' title='bbox 719 1088 871 1190; x_wconf 86' lang='lat' dir='ltr'>reliquis¹</span> <span class='ocrx_word' id='word_1_52' title='bbox 887 1115 1029 1191; x_wconf 90' lang='lat' dir='ltr'>quoque</span> <span class='ocrx_word' id='word_1_53' title='bbox 1054 1116 1164 1191; x_wconf 85' lang='lat' dir='ltr'>usque</span> 
     </span>
     <span class='ocr_line' id='line_1_8' title="bbox 154 1215 1163 1316; baseline -0.004 -23"><span class='ocrx_word' id='word_1_54' title='bbox 154 1246 198 1293; x_wconf 89' lang='lat' dir='ltr'>eo</span> <span class='ocrx_word' id='word_1_55' title='bbox 224 1235 277 1292; x_wconf 90' lang='lat' dir='ltr'>est</span> <span class='ocrx_word' id='word_1_56' title='bbox 302 1219 601 1293; x_wconf 85' lang='lat' dir='ltr'>animadversum:</span> <span class='ocrx_word' id='word_1_57' title='bbox 628 1231 668 1289; x_wconf 92' lang='lat' dir='ltr'>ut</span> <span class='ocrx_word' id='word_1_58' title='bbox 693 1218 820 1314; x_wconf 82' lang='lat' dir='ltr'>Curio,</span> <span class='ocrx_word' id='word_1_59' title='bbox 847 1216 909 1316; x_wconf 92' lang='lat' dir='ltr'>qui</span> <span class='ocrx_word' id='word_1_60' title='bbox 932 1215 1023 1288; x_wconf 90' lang='lat' dir='ltr'>nihil</span> <span class='ocrx_word' id='word_1_61' title='bbox 1046 1216 1163 1291; x_wconf 87' lang='lat' dir='ltr'>conai-</span> 
     </span>
     <span class='ocr_line' id='line_1_9' title="bbox 154 1341 1162 1446; baseline -0.004 -28"><span class='ocrx_word' id='word_1_62' title='bbox 154 1344 203 1419; x_wconf 91' lang='lat' dir='ltr'>lio</span> <span class='ocrx_word' id='word_1_63' title='bbox 228 1346 328 1446; x_wconf 86' lang='lat' dir='ltr'>facit,</span> <span class='ocrx_word' id='word_1_64' title='bbox 353 1346 489 1418; x_wconf 83' lang='lat' dir='ltr'>ratione</span> <span class='ocrx_word' id='word_1_65' title='bbox 515 1359 551 1417; x_wconf 92' lang='lat' dir='ltr'>et</span> <span class='ocrx_word' id='word_1_66' title='bbox 574 1342 711 1416; x_wconf 88' lang='lat' dir='ltr'>insidiis</span> <span class='ocrx_word' id='word_1_67' title='bbox 736 1369 820 1415; x_wconf 88' lang='lat' dir='ltr'><strong>usus</strong></span> <span class='ocrx_word' id='word_1_68' title='bbox 843 1341 1023 1415; x_wconf 85' lang='lat' dir='ltr'>videretur</span> <span class='ocrx_word' id='word_1_69' title='bbox 1039 1342 1079 1414; x_wconf 90' lang='lat' dir='ltr'>in</span> <span class='ocrx_word' id='word_1_70' title='bbox 1097 1343 1162 1414; x_wconf 88' lang='lat' dir='ltr'>evi·</span> 
     </span>
     <span class='ocr_line' id='line_1_10' title="bbox 77 1467 1163 1571; baseline -0.003 -25"><span class='ocrx_word' id='word_1_71' title='bbox 77 1532 79 1537; x_wconf 91' lang='lat'>.</span> <span class='ocrx_word' id='word_1_72' title='bbox 156 1472 273 1546; x_wconf 84' lang='lat' dir='ltr'>tandis</span> <span class='ocrx_word' id='word_1_73' title='bbox 291 1498 414 1546; x_wconf 84' lang='lat' dir='ltr'>eorum</span> <span class='ocrx_word' id='word_1_74' title='bbox 438 1471 592 1545; x_wconf 87' lang='lat' dir='ltr'>consiliis</span> <span class='ocrx_word' id='word_1_75' title='bbox 608 1473 648 1571; x_wconf 83' lang='lat'>¹³,</span> <span class='ocrx_word' id='word_1_76' title='bbox 665 1470 724 1571; x_wconf 87' lang='lat' dir='ltr'>qui</span> <span class='ocrx_word' id='word_1_77' title='bbox 743 1495 780 1542; x_wconf 85' lang='lat' dir='ltr'>ee</span> <span class='ocrx_word' id='word_1_78' title='bbox 795 1468 1023 1541; x_wconf 78' lang='lat' dir='ltr'>intenderant</span> <span class='ocrx_word' id='word_1_79' title='bbox 1042 1467 1163 1543; x_wconf 85' lang='lat' dir='ltr'>adver·</span> 
     </span>
     <span class='ocr_line' id='line_1_11' title="bbox 155 1595 1162 1699; baseline -0.006 -26"><span class='ocrx_word' id='word_1_80' title='bbox 155 1600 265 1673; x_wconf 78' lang='lat' dir='ltr'>canios</span> <span class='ocrx_word' id='word_1_81' title='bbox 291 1600 327 1671; x_wconf 92' lang='lat' dir='ltr'>in</span> <span class='ocrx_word' id='word_1_82' title='bbox 353 1601 427 1674; x_wconf 90' lang='lat' dir='ltr'>eius</span> <span class='ocrx_word' id='word_1_83' title='bbox 453 1598 687 1673; x_wconf 83' lang='lat' dir='ltr'>tribunatum:</span> <span class='ocrx_word' id='word_1_84' title='bbox 711 1595 846 1675; x_wconf 85' lang='lat' dir='ltr'>Lollios</span> <span class='ocrx_word' id='word_1_85' title='bbox 861 1595 902 1699; x_wconf 73' lang='lat'>¹4,</span> <span class='ocrx_word' id='word_1_86' title='bbox 918 1608 955 1667; x_wconf 88' lang='lat' dir='ltr'>et</span> <span class='ocrx_word' id='word_1_87' title='bbox 971 1596 1162 1693; x_wconf 85' lang='lat' dir='ltr'>Antonios,</span> 
     </span>
     <span class='ocr_line' id='line_1_12' title="bbox 153 1712 928 1825; baseline -0.006 -25"><span class='ocrx_word' id='word_1_88' title='bbox 153 1738 192 1800; x_wconf 87' lang='lat' dir='ltr'>ct</span> <span class='ocrx_word' id='word_1_89' title='bbox 214 1725 252 1798; x_wconf 93' lang='lat' dir='ltr'>id</span> <span class='ocrx_word' id='word_1_90' title='bbox 279 1712 388 1825; x_wconf 71' lang='lat' dir='ltr'>genui</span> <span class='ocrx_word' id='word_1_91' title='bbox 415 1714 571 1798; x_wconf 85' lang='lat' dir='ltr'>valentes</span> <span class='ocrx_word' id='word_1_92' title='bbox 599 1723 713 1796; x_wconf 50' lang='lat' dir='ltr'>dico.¹</span> <span class='ocrx_word' id='word_1_93' title='bbox 924 1723 928 1731; x_wconf 84' lang='grc'><strong>’</strong></span> 
     </span>
    </p>

    <p class='ocr_par' dir='ltr' id='par_1_2' title="bbox 65 1847 1171 3820">
     <span class='ocr_line' id='line_1_13' title="bbox 192 1847 1163 1952; baseline -0.003 -27"><span class='ocrx_word' id='word_1_94' title='bbox 192 1879 225 1925; x_wconf 71' lang='lat' dir='ltr'>a</span> <span class='ocrx_word' id='word_1_95' title='bbox 242 1853 334 1926; x_wconf 68' lang='lat' dir='ltr'>-Haa&#39;</span> <span class='ocrx_word' id='word_1_96' title='bbox 351 1878 417 1952; x_wconf 85' lang='lat' dir='ltr'>ego</span> <span class='ocrx_word' id='word_1_97' title='bbox 441 1852 507 1924; x_wconf 88' lang='lat' dir='ltr'>tibi</span> <span class='ocrx_word' id='word_1_98' title='bbox 532 1852 650 1926; x_wconf 86' lang='lat' dir='ltr'>literas</span> <span class='ocrx_word' id='word_1_99' title='bbox 675 1876 719 1924; x_wconf 90' lang='lat' dir='ltr'>eo</span> <span class='ocrx_word' id='word_1_100' title='bbox 744 1850 877 1923; x_wconf 87' lang='lat' dir='ltr'>maiore</span> <span class='ocrx_word' id='word_1_101' title='bbox 901 1849 980 1922; x_wconf 79' lang='lat' dir='ltr'>misi</span> <span class='ocrx_word' id='word_1_102' title='bbox 997 1847 1163 1923; x_wconf 85' lang='lat' dir='ltr'>interval·</span> 
     </span>
     <span class='ocr_line' id='line_1_14' title="bbox 151 1969 1163 2080; baseline -0.004 -28"><span class='ocrx_word' id='word_1_103' title='bbox 151 1978 206 2079; x_wconf 87' lang='lat' dir='ltr'>lo&#39;,</span> <span class='ocrx_word' id='word_1_104' title='bbox 231 1979 328 2080; x_wconf 93' lang='lat' dir='ltr'>quod</span> <span class='ocrx_word' id='word_1_105' title='bbox 354 1980 578 2053; x_wconf 84' lang='lat' dir='ltr'>comitiorum</span> <span class='ocrx_word' id='word_1_106' title='bbox 605 1969 791 2051; x_wconf 71' lang='lat' dir='ltr'>dilationes</span> <span class='ocrx_word' id='word_1_107' title='bbox 817 1977 1163 2077; x_wconf 88' lang='lat' dir='ltr'>occupatiorem-me</span> 
     </span>
     <span class='ocr_line' id='line_1_15' title="bbox 80 2102 1163 2208; baseline -0.003 -29"><span class='ocrx_word' id='word_1_108' title='bbox 80 2126 82 2130; x_wconf 87' lang='grc'><em>·</em></span> <span class='ocrx_word' id='word_1_109' title='bbox 113 2146 117 2155; x_wconf 75' lang='lat'>=</span> <span class='ocrx_word' id='word_1_110' title='bbox 154 2103 353 2206; x_wconf 86' lang='lat' dir='ltr'>habebant,</span> <span class='ocrx_word' id='word_1_111' title='bbox 370 2119 406 2178; x_wconf 88' lang='lat' dir='ltr'>et</span> <span class='ocrx_word' id='word_1_112' title='bbox 422 2119 625 2208; x_wconf 84' lang='lat' dir='ltr'>exspectare</span> <span class='ocrx_word' id='word_1_113' title='bbox 650 2105 688 2176; x_wconf 93' lang='lat' dir='ltr'>in</span> <span class='ocrx_word' id='word_1_114' title='bbox 713 2103 788 2175; x_wconf 87' lang='lat' dir='ltr'>dies</span> <span class='ocrx_word' id='word_1_115' title='bbox 813 2104 945 2177; x_wconf 82' lang='lat' dir='ltr'>exitum</span> <span class='ocrx_word' id='word_1_116' title='bbox 971 2102 1163 2202; x_wconf 78' lang='lat' dir='ltr'>cogebant,</span> 
     </span>
     <span class='ocr_line' id='line_1_16' title="bbox 65 2228 1164 2331; baseline -0.005 -24"><span class='ocrx_word' id='word_1_117' title='bbox 65 2302 68 2307; x_wconf 79' lang='grc'>,</span> <span class='ocrx_word' id='word_1_118' title='bbox 152 2246 215 2331; x_wconf 91' lang='lat' dir='ltr'>ut,</span> <span class='ocrx_word' id='word_1_119' title='bbox 240 2232 409 2306; x_wconf 83' lang='lat' dir='ltr'>coniectis</span> <span class='ocrx_word' id='word_1_120' title='bbox 435 2231 599 2305; x_wconf 86' lang='lat' dir='ltr'>omnibus</span> <span class='ocrx_word' id='word_1_121' title='bbox 611 2288 621 2330; x_wconf 91' lang='lat'>,</span> <span class='ocrx_word' id='word_1_122' title='bbox 650 2245 685 2305; x_wconf 90' lang='lat' dir='ltr'>te</span> <span class='ocrx_word' id='word_1_123' title='bbox 711 2230 860 2311; x_wconf 85' lang='lat' dir='ltr'>facerem</span> <span class='ocrx_word' id='word_1_124' title='bbox 887 2230 1085 2304; x_wconf 84' lang='lat' dir='ltr'>certiorem.</span> <span class='ocrx_word' id='word_1_125' title='bbox 1108 2228 1164 2304; x_wconf 81' lang='lat' dir='ltr'>Ad</span> 
     </span>
     <span class='ocr_line' id='line_1_17' title="bbox 152 2355 1165 2463; baseline -0.005 -29"><span class='ocrx_word' id='word_1_126' title='bbox 152 2356 333 2434; x_wconf 86' lang='lat' dir='ltr'>Kalendas</span> <span class='ocrx_word' id='word_1_127' title='bbox 360 2357 508 2431; x_wconf 84' lang='lat' dir='ltr'>Sextiles</span> <span class='ocrx_word' id='word_1_128' title='bbox 535 2384 645 2459; x_wconf 84' lang='lat' dir='ltr'>usque</span> <span class='ocrx_word' id='word_1_129' title='bbox 678 2358 890 2458; x_wconf 82' lang='lat' dir='ltr'>exspectavi.</span> <span class='ocrx_word' id='word_1_130' title='bbox 923 2355 1116 2463; x_wconf 79' lang='lat' dir='ltr'>Praetoriia</span> <span class='ocrx_word' id='word_1_131' title='bbox 1135 2356 1165 2407; x_wconf 79' lang='lat'>¹⁵</span> 
     </span>
     <span class='ocr_line' id='line_1_18' title="bbox 152 2481 1165 2586; baseline -0.002 -28"><span class='ocrx_word' id='word_1_132' title='bbox 152 2509 273 2558; x_wconf 86' lang='lat' dir='ltr'>morae</span> <span class='ocrx_word' id='word_1_133' title='bbox 308 2484 483 2586; x_wconf 88' lang='lat' dir='ltr'>quaedam</span> <span class='ocrx_word' id='word_1_134' title='bbox 515 2484 725 2558; x_wconf 87' lang='lat' dir='ltr'>inciderunt.</span> <span class='ocrx_word' id='word_1_135' title='bbox 759 2485 840 2558; x_wconf 90' lang='lat' dir='ltr'>Mea</span> <span class='ocrx_word' id='word_1_136' title='bbox 873 2508 982 2584; x_wconf 88' lang='lat' dir='ltr'>porro</span> <span class='ocrx_word' id='word_1_137' title='bbox 1021 2481 1165 2556; x_wconf 82' lang='lat' dir='ltr'>comitia</span> 
     </span>
     <span class='ocr_line' id='line_1_19' title="bbox 155 2610 1163 2712; baseline -0.001 -30"><span class='ocrx_word' id='word_1_138' title='bbox 155 2636 261 2712; x_wconf 86' lang='lat' dir='ltr'>quem</span> <span class='ocrx_word' id='word_1_139' title='bbox 287 2626 455 2686; x_wconf 86' lang='lat' dir='ltr'>eventum</span> <span class='ocrx_word' id='word_1_140' title='bbox 480 2612 551 2684; x_wconf 90' lang='lat' dir='ltr'>sint</span> <span class='ocrx_word' id='word_1_141' title='bbox 575 2610 755 2709; x_wconf 89' lang='lat' dir='ltr'>habitura,</span> <span class='ocrx_word' id='word_1_142' title='bbox 784 2611 912 2684; x_wconf 84' lang='lat' dir='ltr'>nescio.</span> <span class='ocrx_word' id='word_1_143' title='bbox 946 2610 1163 2710; x_wconf 88' lang='lat' dir='ltr'>Opinionem</span> 
     </span>
     <span class='ocr_line' id='line_1_20' title="bbox 153 2734 1171 2840; baseline 0.003 -32"><span class='ocrx_word' id='word_1_144' title='bbox 153 2735 316 2838; x_wconf 87' lang='lat' dir='ltr'>quidem,</span> <span class='ocrx_word' id='word_1_145' title='bbox 343 2738 440 2840; x_wconf 90' lang='lat' dir='ltr'>quod</span> <span class='ocrx_word' id='word_1_146' title='bbox 466 2738 512 2810; x_wconf 93' lang='lat' dir='ltr'>ad</span> <span class='ocrx_word' id='word_1_147' title='bbox 537 2739 681 2811; x_wconf 82' lang='lat' dir='ltr'>Hirrum</span> <span class='ocrx_word' id='word_1_148' title='bbox 706 2738 848 2834; x_wconf 82' lang='lat' dir='ltr'>attinet,</span> <span class='ocrx_word' id='word_1_149' title='bbox 864 2734 1112 2811; x_wconf 86' lang='lat' dir='ltr'>incredibilem</span> <span class='ocrx_word' id='word_1_150' title='bbox 1126 2738 1171 2834; x_wconf 79' lang='lat'>¹⁶,-</span> 
     </span>
     <span class='ocr_line' id='line_1_21' title="bbox 152 2848 1164 2965; baseline -0.001 -29"><span class='ocrx_word' id='word_1_151' title='bbox 152 2863 316 2936; x_wconf 86' lang='lat' dir='ltr'>aedilium</span> <span class='ocrx_word' id='word_1_152' title='bbox 340 2863 455 2964; x_wconf 87' lang='lat' dir='ltr'>plebis</span> <span class='ocrx_word' id='word_1_153' title='bbox 482 2866 650 2965; x_wconf 90' lang='lat' dir='ltr'>comitiis,</span> <span class='ocrx_word' id='word_1_154' title='bbox 667 2879 772 2937; x_wconf 90' lang='lat' dir='ltr'>nacta</span> <span class='ocrx_word' id='word_1_155' title='bbox 793 2877 883 2937; x_wconf 88' lang='lat' dir='ltr'>sunt.</span> <span class='ocrx_word' id='word_1_156' title='bbox 901 2861 995 2936; x_wconf 87' lang='lat' dir='ltr'>Nam</span> <span class='ocrx_word' id='word_1_157' title='bbox 1011 2848 1164 2936; x_wconf 56' lang='lat' dir='ltr'>MsCat·</span> 
     </span>
     <span class='ocr_line' id='line_1_22' title="bbox 151 2988 1165 3091; baseline 0.001 -30"><span class='ocrx_word' id='word_1_158' title='bbox 151 2988 236 3061; x_wconf 91' lang='lat' dir='ltr'>lium</span> <span class='ocrx_word' id='word_1_159' title='bbox 254 2991 480 3064; x_wconf 87' lang='lat' dir='ltr'>Vinicianum</span> <span class='ocrx_word' id='word_1_160' title='bbox 500 3008 529 3059; x_wconf 86' lang='lat'>¹7</span> <span class='ocrx_word' id='word_1_161' title='bbox 556 2993 691 3064; x_wconf 89' lang='lat' dir='ltr'>mentio</span> <span class='ocrx_word' id='word_1_162' title='bbox 716 2990 776 3062; x_wconf 91' lang='lat' dir='ltr'>illa</span> <span class='ocrx_word' id='word_1_163' title='bbox 802 2990 913 3089; x_wconf 82' lang='lat' dir='ltr'>latua,</span> <span class='ocrx_word' id='word_1_164' title='bbox 939 3014 1048 3091; x_wconf 83' lang='lat' dir='ltr'>quam</span> <span class='ocrx_word' id='word_1_165' title='bbox 1074 2988 1165 3063; x_wconf 85' lang='lat' dir='ltr'>deri-</span> 
     </span>
     <span class='ocr_line' id='line_1_23' title="bbox 153 3104 1165 3219; baseline -0.001 -31"><span class='ocrx_word' id='word_1_166' title='bbox 153 3110 310 3195; x_wconf 62' lang='lat' dir='ltr'>seramus&#39;</span> <span class='ocrx_word' id='word_1_167' title='bbox 337 3115 438 3216; x_wconf 87' lang='lat' dir='ltr'>olim,</span> <span class='ocrx_word' id='word_1_168' title='bbox 463 3116 806 3219; x_wconf 73' lang='lat' dir='ltr'>et&#39;promulgacio18</span> <span class='ocrx_word' id='word_1_169' title='bbox 828 3115 872 3190; x_wconf 93' lang='lat' dir='ltr'>de</span> <span class='ocrx_word' id='word_1_170' title='bbox 899 3117 1092 3216; x_wconf 75' lang='lat' dir='ltr'>dictatore,</span> <span class='ocrx_word' id='word_1_171' title='bbox 1109 3104 1165 3188; x_wconf 68' lang='lat' dir='ltr'>suss</span> 
     </span>
     <span class='ocr_line' id='line_1_24' title="bbox 152 3238 1166 3343; baseline 0.001 -28"><span class='ocrx_word' id='word_1_172' title='bbox 152 3238 230 3317; x_wconf 83' lang='lat' dir='ltr'>bito</span> <span class='ocrx_word' id='word_1_173' title='bbox 258 3242 403 3343; x_wconf 88' lang='lat' dir='ltr'>deiecit,</span> <span class='ocrx_word' id='word_1_174' title='bbox 420 3259 456 3316; x_wconf 92' lang='lat' dir='ltr'>et</span> <span class='ocrx_word' id='word_1_175' title='bbox 474 3243 649 3317; x_wconf 89' lang='lat' dir='ltr'>deiectum</span> <span class='ocrx_word' id='word_1_176' title='bbox 671 3271 800 3343; x_wconf 83' lang='lat' dir='ltr'>magno</span> <span class='ocrx_word' id='word_1_177' title='bbox 827 3243 979 3323; x_wconf 87' lang='lat' dir='ltr'>clamore</span> <span class='ocrx_word' id='word_1_178' title='bbox 1007 3242 1166 3319; x_wconf 81' lang='lat' dir='ltr'>insecuta</span> 
     </span>
     <span class='ocr_line' id='line_1_25' title="bbox 153 3347 1166 3445; baseline 0.003 -5"><span class='ocrx_word' id='word_1_179' title='bbox 153 3381 216 3441; x_wconf 86' lang='lat' dir='ltr'>est</span> <span class='ocrx_word' id='word_1_180' title='bbox 249 3369 337 3441; x_wconf 89' lang='lat' dir='ltr'>Inde</span> <span class='ocrx_word' id='word_1_181' title='bbox 371 3371 515 3443; x_wconf 66' lang='lat' dir='ltr'>Hirrum</span> <span class='ocrx_word' id='word_1_182' title='bbox 549 3371 667 3445; x_wconf 90' lang='lat' dir='ltr'>cuncti</span> <span class='ocrx_word' id='word_1_183' title='bbox 700 3347 786 3445; x_wconf 26' lang='lat' dir='ltr'>iam·</span> <span class='ocrx_word' id='word_1_184' title='bbox 805 3397 878 3445; x_wconf 89' lang='lat' dir='ltr'>non</span> <span class='ocrx_word' id='word_1_185' title='bbox 914 3369 1117 3443; x_wconf 83' lang='lat' dir='ltr'>faciendum</span> <span class='ocrx_word' id='word_1_186' title='bbox 1137 3385 1166 3434; x_wconf 77' lang='lat'>¹⁹</span> 
     </span>
     <span class='ocr_line' id='line_1_26' title="bbox 153 3490 1165 3597; baseline 0.003 -33"><span class='ocrx_word' id='word_1_187' title='bbox 153 3490 319 3592; x_wconf 81' lang='lat' dir='ltr'>flagitare.</span> <span class='ocrx_word' id='word_1_188' title='bbox 359 3496 491 3597; x_wconf 87' lang='lat' dir='ltr'>Spero,</span> <span class='ocrx_word' id='word_1_189' title='bbox 530 3511 565 3570; x_wconf 87' lang='lat' dir='ltr'>te</span> <span class='ocrx_word' id='word_1_190' title='bbox 600 3497 759 3572; x_wconf 84' lang='lat' dir='ltr'>celeriter</span> <span class='ocrx_word' id='word_1_191' title='bbox 792 3513 828 3571; x_wconf 89' lang='lat' dir='ltr'>et</span> <span class='ocrx_word' id='word_1_192' title='bbox 861 3497 905 3570; x_wconf 90' lang='lat' dir='ltr'>de</span> <span class='ocrx_word' id='word_1_193' title='bbox 937 3496 1043 3573; x_wconf 80' lang='lat' dir='ltr'>nobie</span> <span class='ocrx_word' id='word_1_194' title='bbox 1070 3493 1165 3597; x_wconf 88' lang='lat' dir='ltr'>quod</span> 
     </span>
     <span class='ocr_line' id='line_1_27' title="bbox 153 3622 1164 3727; baseline 0.004 -36"><span class='ocrx_word' id='word_1_195' title='bbox 153 3622 319 3720; x_wconf 80' lang='lat' dir='ltr'>operasti,</span> <span class='ocrx_word' id='word_1_196' title='bbox 355 3637 389 3695; x_wconf 91' lang='lat' dir='ltr'>et</span> <span class='ocrx_word' id='word_1_197' title='bbox 416 3623 460 3696; x_wconf 90' lang='lat' dir='ltr'>de</span> <span class='ocrx_word' id='word_1_198' title='bbox 487 3622 548 3698; x_wconf 90' lang='lat' dir='ltr'>illc</span> <span class='ocrx_word' id='word_1_199' title='bbox 575 3625 671 3725; x_wconf 91' lang='lat' dir='ltr'>quod</span> <span class='ocrx_word' id='word_1_200' title='bbox 697 3626 755 3697; x_wconf 82' lang='lat' dir='ltr'>vix</span> <span class='ocrx_word' id='word_1_201' title='bbox 782 3651 921 3727; x_wconf 77' lang='lat' dir='ltr'>sperare</span> <span class='ocrx_word' id='word_1_202' title='bbox 948 3649 1056 3696; x_wconf 75' lang='lat' dir='ltr'>ausus</span> <span class='ocrx_word' id='word_1_203' title='bbox 1075 3648 1112 3695; x_wconf 88' lang='lat' dir='ltr'>es</span> <span class='ocrx_word' id='word_1_204' title='bbox 1126 3638 1164 3716; x_wconf 74' lang='lat'>²⁶,</span> 
     </span>
     <span class='ocr_line' id='line_1_28' title="bbox 155 3743 958 3820; baseline 0.002 -4"><span class='ocrx_word' id='word_1_205' title='bbox 155 3743 365 3820; x_wconf 83' lang='lat' dir='ltr'>auditurum.</span> <span class='ocrx_word' id='word_1_206' title='bbox 833 3762 836 3769; x_wconf 82' lang='grc'><strong>’</strong></span> <span class='ocrx_word' id='word_1_207' title='bbox 953 3756 958 3767; x_wconf 89' lang='grc'>’</span> 
     </span>
    </p>
   </div>
   <div class='ocr_carea' id='block_1_2' title="bbox 205 3871 1158 3983">
    <p class='ocr_par' dir='ltr' id='par_1_3' title="bbox 205 3871 1158 3983">
     <span class='ocr_line' id='line_1_29' title="bbox 205 3871 1158 3983; baseline -0.003 -36"><span class='ocrx_word' id='word_1_208' title='bbox 205 3874 225 3947; x_wconf 88' lang='lat'>3</span> <span class='ocrx_word' id='word_1_209' title='bbox 251 3871 304 3947; x_wconf 89' lang='lat' dir='ltr'>De</span> <span class='ocrx_word' id='word_1_210' title='bbox 329 3903 366 3967; x_wconf 72' lang='lat' dir='ltr'>ne</span> <span class='ocrx_word' id='word_1_211' title='bbox 392 3875 534 3982; x_wconf 88' lang='lat' dir='ltr'>publica</span> <span class='ocrx_word' id='word_1_212' title='bbox 559 3880 629 3953; x_wconf 87' lang='lat' dir='ltr'>iam</span> <span class='ocrx_word' id='word_1_213' title='bbox 647 3881 731 3954; x_wconf 89' lang='lat' dir='ltr'>novi</span> <span class='ocrx_word' id='word_1_214' title='bbox 750 3880 938 3983; x_wconf 80' lang='lat' dir='ltr'>quicquam</span> <span class='ocrx_word' id='word_1_215' title='bbox 956 3889 1158 3981; x_wconf 80' lang='lat' dir='ltr'>exspectare</span> 
     </span>
    </p>
   </div>
   <div class='ocr_carea' id='block_1_3' title="bbox 0 0 1312 4852">
    <p class='ocr_par' dir='ltr' id='par_1_4' title="bbox 0 0 1312 4852">
     <span class='ocr_line' id='line_1_30' title="bbox 0 0 1312 4852; baseline 0 0"><span class='ocrx_word' id='word_1_216' title='bbox 0 0 1312 4852; x_wconf 95' lang='lat' dir='ltr'> </span> 
     </span>
    </p>
   </div>
  </div>
 </body>
</html>
