2616 4852
151 331 222 424 284
489 343 661 394 nrisrocn
686 340 823 389 cenni.
937 335 968 384 t.
983 339 1017 386 v.
1032 338 1058 385 c.
1072 336 1108 400 με

554 571 749 699 CCliLVI.
884 609 941 668 <aa
957 609 1009 653 nn.
1024 608 1112 668 inu)

151 762 371 840 Argumentum.
397 776 407 814 1
431 755 542 814 Literia
562 774 581 812 a
600 752 725 834 Papirio
751 748 847 809 Paeto
876 749 1024 830 acceptis,
1044 745 1129 826 quibua

190 866 240 926 ille
262 861 377 944 aliquid
397 860 435 920 de
456 881 489 941 re
509 859 631 919 militari
651 864 863 940 praeceperat,
884 855 917 914 iu
938 855 1001 913 eius
1020 863 1049 912 et
1066 871 1130 910 suam

191 974 285 1054 ipsius
306 971 349 1030 rei
370 967 509 1028 militaris
529 968 671 1049 peritiam
691 966 825 1037 iocatur3
846 981 865 1020 α
886 960 996 1021 deiude
1013 958 1051 1020 M.
1063 957 1131 1018 Fabii

192 1078 272 1138 Galli
293 1079 450 1158 negotium
472 1076 499 1134 ei
521 1071 721 1134 commendat.

300 1283 369 1336 scr.»
379 1280 519 1335 Laodiceae
538 1280 569 1333 A.
587 1279 620 1332 V.
638 1278 669 1332 C.
688 1277 797 1330 ncetn
807 1313 815 1343 ‚
832 1293 921 1328 mense
939 1275 1015 1327 Febr.

451 1490 595 1554 CICERO
621 1489 703 1552 lMP.
727 1485 870 1551 PAETO.

100 1758 103 1763 ·
208 1738 221 1783 1
253 1708 435 1780 Summum
461 1731 517 1777 me
544 1704 671 1776 ducem
694 1700 815 1775 literae
836 1715 917 1773 tuae
934 1697 1112 1773 reddidere
1123 1712 1139 1766 ¹.

152 1836 264 1911 Plane
289 1833 507 1931 nesciebam,
524 1846 559 1904 te
585 1845 659 1903 tam
684 1831 836 1930 peritum
862 1854 937 1901 esse
960 1827 1013 1900 rei
1037 1825 1142 1898 milita

151 1965 208 2037 ris.
234 1960 362 2061 Pyrrhi
389 1973 424 2030 te
449 1958 559 2032 libros
589 1972 626 2031 et
650 1958 779 2031 Cineae
797 1972 813 2004 ²
839 1954 944 2028 video
976 1952 1142 2026 lectitasse.

150 2090 277 2190 ltaque
315 2087 560 2185 obtemperare
594 2085 711 2182 cogito
744 2083 941 2184 praeceptis
971 2082 1057 2154 tuis:
1090 2079 1142 2151 hoc

154 2213 323 2314 amplius,
353 2210 594 2287 navicularum
624 2210 756 2284 habere
780 2209 913 2311 aliquid
936 2210 974 2281 in
1001 2234 1063 2282 ora
1087 2232 1142 2281 ma·

152 2339 279 2411 ritima.
307 2338 440 2411 Contra
466 2339 620 2438 equitem
645 2338 817 2411 Parthum
839 2350 969 2434 negant
987 2335 1095 2407 ullam
1110 2359 1142 2406 an

152 2477 327 2537 maturam
352 2463 563 2537 meliorem³
588 2466 738 2539 inveniri
762 2490 876 2565 posse.
903 2462 974 2536 Sed
1001 2462 1089 2564 quid
1111 2461 1142 2534 lu

154 2589 287 2663 dimusl
313 2591 441 2691 nescis,
467 2617 622 2693 quocum
647 2592 859 2691 imperatore
890 2588 955 2661 tibi
981 2590 1142 2688 negotiuu

155 2717 210 2790 sit.
237 2717 386 2788 Παιδείαν
410 2718 519 2816 Κύρου
535 2717 569 2817 i,
595 2744 700 2819 quam
727 2717 960 2790 contriveram
989 2715 1136 2815 legendo

153 2855 269 2916 totam
294 2844 332 2916 in
357 2843 426 2918 hoc
459 2845 608 2946 imperio
642 2843 824 2945 explicavi.
866 2842 937 2914 Sed
969 2843 1143 2915 iocabimu

155 2969 240 3042 alias
267 2995 405 3071 coram,
422 2985 464 3044 ut
479 2997 600 3073 spero,
616 2972 716 3044 brevi
734 2986 893 3072 tempore
906 2971 931 3042 5.
956 2971 1065 3044 Nunc
1083 2968 1143 3043 ad(

156 3093 202 3165 ad
227 3095 473 3195 imperandum
491 3100 518 3196 ⁶,
543 3097 601 3170 vel
634 3097 680 3171 ad
712 3096 908 3199 parendum
940 3099 1083 3197 potius:
1116 3122 1143 3169 s.

156 3218 252 3290 enim
277 3221 412 3322 antiqui
436 3222 682 3323 loquebantur.
1104 3309 1110 3321 .

208 3372 230 3417 2
258 3346 349 3418 Cum
374 3348 421 3421 M.
446 3349 559 3423 Fabio
583 3349 702 3451 (quod
727 3351 815 3423 scire
837 3363 873 3421 te
890 3348 1063 3442 arbitror)
1082 3342 1143 3421 mi]

156 3495 313 3545 summus
339 3500 422 3547 usus
448 3490 524 3575 est,
558 3476 763 3578 valdeque⁷
798 3502 880 3549 eum
904 3473 1033 3574 diligo,
1060 3502 1138 3577 quu

155 3612 304 3698 propter
327 3627 500 3675 summam
525 3604 743 3704 probitatem
768 3604 859 3702 eius,
885 3627 926 3674 ac
952 3601 1141 3701 singulare

155 3723 383 3828 modestiam,
408 3743 485 3802 tum
511 3730 609 3832 quod
634 3731 670 3802 in
696 3730 752 3803 his
779 3729 1046 3828 controversiis,
1080 3755 1126 3830 qu

155 3848 272 3926 habeo
299 3881 379 3932 cum
406 3858 475 3931 tuis
501 3857 774 3932 combibonibus
800 3856 1003 3958 Epicureis,
1029 3857 1144 3955 optim
