2616 4852
274 356 342 451 178
580 371 758 421 meroes
785 372 924 419 ccxxru.
1046 369 1079 415 a.
1097 372 1132 419 v.
1150 371 1177 414 c.
1195 382 1237 431 ,οι

268 475 365 578 quod
390 474 454 547 tibi
478 475 573 574 misi,
597 474 727 546 factum
753 487 823 572 est,
856 472 1155 572 auctoritatesque
1187 499 1258 572 per-

268 604 428 702 scriptae.

317 728 350 801 S.
378 729 415 799 C.
442 727 630 800 auctoritas
647 727 688 797 ³².
715 725 837 798 Pridie
858 723 944 797 Kal.
968 723 1092 797 Octob.
1120 729 1159 796 in
1183 727 1272 823 aede

267 855 453 956 Apollinis
476 853 578 932 scrib.
605 851 787 955 affuerunt
800 854 831 902 ³³
857 853 899 925 L.
916 846 1098 925 Domitius
1130 853 1195 925 Cn.
1219 854 1257 924 F.

266 979 553 1067 Ahenobarbus,
582 981 624 1079 Q.
647 981 826 1081 Caecilius
856 977 898 1075 Q
916 979 962 1052 F.
981 979 1155 1052 Metellus
1175 979 1256 1050 Pius

269 1107 416 1208 Scipio,
449 1109 489 1183 L.
524 1107 664 1182 Villius
689 1109 731 1179 L.
757 1108 802 1178 F.
827 1107 944 1178 Pomt.
962 1103 994 1171 ³4
1019 1105 1199 1202 Annalis,
1223 1106 1255 1177 C.
1296 1162 1300 1169 .

268 1233 460 1332 Septimius
483 1234 525 1306 T.
543 1235 588 1306 F.
605 1232 772 1330 Quirina,
793 1233 832 1305 C.
850 1233 1027 1305 Lucceius
1050 1232 1091 1303 C.
1109 1233 1155 1303 F.
1173 1232 1253 1332 Pup.

266 1358 422 1445 Hirrus,
454 1361 493 1432 C.
520 1359 729 1433 Scribonius
751 1360 792 1432 C.
820 1360 865 1431 F.
883 1358 974 1459 Pop.
998 1354 1126 1443 Curio,
1142 1359 1181 1430 L.
1198 1357 1253 1430 At·
1293 1332 1300 1421 i

267 1488 360 1556 teius
385 1485 425 1559 L.
451 1487 497 1558 F.
524 1486 597 1559 An.
629 1488 772 1586 Capito,
799 1479 851 1556 M.
880 1486 1021 1585 Oppius
1048 1483 1101 1556 M.
1128 1485 1172 1555 F.
1195 1483 1252 1558 Te·

264 1616 405 1686 reatina
423 1613 464 1684 ³⁵.
495 1610 606 1711 Quod
629 1612 681 1685 M.
708 1612 908 1685 Marcellus
933 1609 1134 1696 consulV.
1155 1608 1198 1682 F.
1218 1609 1254 1681 dr

260 1742 456 1837 provinciis
479 1737 754 1825 consularibus,
778 1740 825 1812 D.
852 1738 892 1810 Ε.
913 1738 956 1810 R.
974 1738 1008 1810 Ι.
1031 1738 1072 1810 C.
1086 1738 1120 1814 ³⁶.
1145 1739 1198 1807 uti
1219 1735 1251 1807 L.
1285 1789 1300 1827 ‚.

263 1863 444 1951 Paullus,
472 1866 512 1939 C.
538 1865 739 1939 Marcellus
763 1865 930 1937 consules
947 1865 993 1948 ³⁷,
1018 1887 1133 1963 quum
1157 1865 1251 1960 magi·
1291 1835 1300 1901 .⁴

263 2003 417 2062 stratum
437 1994 605 2076 inissent,
629 1992 739 2066 exa.
763 1991 797 2062 d.
826 1989 864 2062 X
886 1990 971 2061 Kal.
997 1990 1155 2061 Mart³⁸
1170 2011 1250 2089 quae
1293 1958 1300 1985 Ι

261 2116 300 2185 in
317 2140 384 2186 suo
402 2121 617 2214 magistratu
627 2117 783 2216 futurae
800 2130 933 2202 essent,
949 2116 992 2188 de
1008 2113 1250 2189 consularibus
1294 2188 1297 2193 .

257 2243 454 2338 provinciis
477 2241 530 2313 ad
551 2255 714 2314 senatum
739 2239 927 2337 referrent,
944 2248 1029 2314 neve
1047 2241 1140 2341 quid
1158 2242 1248 2342 prius

260 2388 313 2436 ex
330 2363 507 2439 Kalendis
524 2368 634 2439 Mart.
651 2392 736 2442 neve
760 2369 852 2470 quid
874 2371 1094 2441 coniunctim
1107 2369 1140 2432 ³9
1156 2359 1246 2438 nea
1293 2394 1300 2465 ,¹

213 2523 215 2530 r
260 2513 298 2562 re
323 2488 514 2590 referretur
536 2519 559 2564 a
584 2493 813 2602 consulibus,
830 2498 955 2597 utique
972 2499 1049 2567 eius
1073 2498 1125 2566 nei
1148 2514 1244 2566 causa

254 2640 325 2716 per
346 2617 421 2690 dies
445 2620 640 2691 comitiales
652 2619 683 2685 4⁰
702 2634 865 2694 senatum
889 2620 1080 2705 haberent,
1099 2621 1134 2693 S.
1158 2616 1244 2715 Q..C

245 2739 440 2839 facerent:
472 2759 526 2831 et,
558 2771 672 2848 qztum
696 2746 738 2818 de
764 2772 806 2818 ea
832 2772 869 2819 re
894 2748 945 2819 acl
967 2762 1132 2819 senatum
1158 2743 1244 2844 refir-

259 2884 360 2943 retur
374 2897 397 2941 a
421 2872 576 2957 COSS,
601 2877 667 2973 qui
690 2872 855 2945 eorum41
882 2879 920 2944 in'
937 2896 993 2945 ccc
1012 2871 1189 2946 iudicibus
1204 2893 1242 2942 a·

186 3012 190 3021 “
258 3008 356 3080 sent,
380 3021 451 3067 sex
475 2997 651 3070 adducere
677 2999 803 3070 liceret.
824 2999 974 3101 Siquid
995 3024 1037 3070 ea
1063 3024 1102 3070 re
1126 2999 1253 3098 adpo.
1286 3000 1300 3079 Ι

254 3120 408 3219 pulum,
432 3123 485 3193 ad
501 3121 682 3222 plebemve
709 3125 783 3196 lato
808 3149 901 3225 opus
926 3139 1016 3198 esset
1030 3124 1078 3210 4²,
1107 3129 1162 3195 uti
1185 3123 1240 3196 Ser.
1283 3082 1300 3195 Ι1

259 3243 465 3343 Sulpicius,
490 3246 544 3319 M.
570 3246 770 3321 Marcellus
793 3249 951 3336 COSS,
973 3263 1179 3349 praetores,
1197 3248 1240 3317 tri·

218 3355 232 3379 ⁴
258 3367 348 3440 buni
367 3368 504 3472 plebis,
529 3371 662 3473 quibus
686 3370 809 3448 ebrum
827 3358 1004 3451 videretur
1013 3373 1129 3462 4³,ad
1138 3395 1237 3478 popl·
1296 3448 1300 3457 .

256 3494 351 3580 lum,
373 3494 553 3596 plebemve
579 3497 762 3599 referrent:
788 3503 890 3603 quod
912 3506 939 3573 ii
963 3527 1038 3574 non
1071 3490 1235 3581 tulissent,

255 3624 328 3704 uti,
361 3626 577 3724 quicumque
612 3627 776 3730 deinceps
812 3643 953 3724 essent,
991 3629 1042 3701 ad
1074 3628 1234 3730 populum
1297 3658 1300 3665 ·

250 3743 430 3843 plebemve
440 3748 592 3848 fierrent.
619 3754 645 3824 I.
671 3754 712 3827 Ν.
731 3754 772 3824 ll.
1256 3749 1259 3756 ’
1298 3846 1300 3851 ,

303 3870 402 3944 Prid.
428 3872 513 3947 Kal.
544 3876 667 3952 Octob.
694 3883 731 3951 in
757 3881 842 3953 aede
861 3879 1048 3980 Apollinis
1074 3879 1176 3954 scrib.
1196 3867 1245 3972 eff·
