2616 4852
533 369 705 418 rersrom
731 370 826 416 ccur.
957 367 988 415 ι.
1012 371 1043 437 v..
1062 372 1090 415 c.
1110 383 1158 430 702

251 621 254 625 ²
311 606 314 611 “
342 599 396 650 Ser.
415 599 510 650 Romae
529 600 559 650 A.
578 599 612 651 V.
629 598 659 651 C.
678 598 791 664 occu,
810 615 897 650 mense
914 598 1017 667 Qtuu,
1046 640 1050 651 ,

457 791 623 855 cisino
650 791 839 855 ciceron
864 794 895 855 s.
1014 756 1029 767 ”

226 1011 238 1056 ι
269 981 431 1056 Estnel¹
459 980 551 1054 vicil
576 994 613 1053 et
637 979 701 1052 tibi
727 976 832 1080 saepe
859 957 980 1082 (quod
1005 1006 1063 1052 me
1080 997 1097 1031 ’
1122 1007 1182 1053 ne·

169 1135 268 1209 geras
300 1107 482 1182 discedens
514 1117 739 1198 curaturum)
773 1105 905 1180 litteras
936 1107 1066 1180 mitto?
1099 1109 1179 1206 Est,

166 1236 196 1307 si
222 1235 365 1336 quidem
391 1229 639 1335 perferuntur,
677 1260 764 1336 quas
798 1226 861 1309 do.n
883 1235 1009 1343 'Atque
1037 1228 1110 1308 bo'c'
1129 1234 1171 1308 ‘eo

170 1360 370 1461 diligentius
393 1361 515 1436 factito
528 1364 554 1460 ³,
571 1360 685 1467 quod,
704 1389 813 1462 quum
838 1346 1173 1469 otiosus'lsum,'pla'{

165 1487 313 1586 ne,.‹ubi
338 1487 512 1569 delectem
537 1488 843 1586 otiolummeum,
866 1512 942 1563 non
965 1478 1171 1588 htbfflssTu

166 1613 316 1714 quuml·
333 1615 466 1687 Romae
491 1641 585 1710 eras,
610 1614 680 1687 hoc
706 1614 793 1687 mihi
818 1629 953 1693 certum
978 1641 1026 1689 ac
1051 1617 1171 1697 iucun-

167 1739 348 1814 dissimum
379 1743 521 1814 vacanti
557 1743 738 1841 negotium
771 1754 862 1841 erat,
898 1755 1024 1814 tecum
1046 1743 1173 1816 idotii

165 1868 305 1971 tempus
332 1895 560 1970 consumere,
593 1868 701 1970 idque
733 1894 807 1942 non
832 1853 1058 1942 mediocriter
1085 1869 1172 1944 desi·

165 1979 269 2095 dem,
294 1968 432 2069 utnon
458 1996 566 2069 modo
593 1996 680 2067 milri
706 1995 800 2068 solus
827 2021 918 2097 esse,
942 1995 1005 2068 sed
1023 1994 1170 2125 Romae,

165 2134 199 2192 te
226 2122 402 2220 prolecto,
426 2121 582 2195 solitudo
600 2114 797 2239 videatur}
807 2091 915 2243 lacta·
932 2137 969 2194 et
957 2124 1046 2255 poi
1066 2114 1173 2251 (puae

165 2273 243 2319 mea
274 2248 483 2346 negligentia
518 2260 593 2340 est)
627 2249 757 2322 multos
790 2230 895 2349 saepe
913 2211 1003 2323 dies
1036 2230 1097 2322 ad
1117 2264 1169 2348 te,

164 2400 273 2472 quum
298 2373 356 2445 hio
383 2401 476 2474 eras,
509 2400 583 2448 nou
616 2374 850 2475 accedebam,
882 2400 977 2448 nunc
1012 2376 1168 2477 quotidie

161 2524 235 2572 nou
263 2526 338 2573 esse
363 2515 415 2600 te,
442 2433 488 2573 ad
513 2529 617 2604 quem
644 2505 831 2602 cursitem,
858 2501 1060 2575 discrucior.
1095 2504 1167 2577 Ma·

160 2626 252 2698 xime
279 2654 380 2728 ver0,
407 2643 447 2701 ut
472 2644 506 2701 te
533 2631 607 2702 dies
632 2645 825 2730 noctesque
852 2656 1040 2730 quaeram,
1074 2657 1167 2702 com·

159 2757 294 2853 petitor
310 2756 433 2828 Hirrus
452 2760 586 2829 curat⁶
606 2756 798 2850 Quomodo
821 2755 919 2828 illum
943 2770 1047 2855 putas
1066 2783 1167 2854 augu-

160 2893 283 2952 ratus7
303 2895 403 2975 tuum
429 2885 701 2993 competitorem
729 2882 861 2982 dolere,
879 2896 916 2954 et
933 2882 1166 2989 dissimulare,

159 3032 217 3077 me
232 3009 448 3107 certiorem,
472 3036 578 3110 quam
603 3036 675 3107 se,
672 3007 933 3089 ‚candidatuml
949 3010 1004 3082 De
1024 3034 1097 3110 quo
1114 3021 1167 3107 ut,

160 3157 265 3231 quem
287 3145 413 3234 optas,
439 3160 545 3238 quam
565 3137 717 3236 primum
735 3136 899 3207 nuntium
918 3135 1090 3234 accipias,
1107 3149 1165 3206 tua

158 3257 294 3332 medius
320 3260 424 3334 lidius
450 3263 577 3363 magis,
600 3290 705 3364 quam
722 3260 800 3359 mea
818 3290 923 3361 eausa
942 3264 1059 3361 cupio.
1076 3261 1167 3367 llam

158 3411 257 3483 mea,
282 3388 310 3459 si
336 3388 401 3487 fio,
426 3389 571 3461 forsitan
604 3417 686 3462 cum
717 3388 950 3489 locupletiore
965 3364 1125 3460 ¹referam
1141 3389 1165 3458 ⁸.

156 3510 229 3584 Sed
252 3512 320 3586 hoc
347 3541 457 3616 usque
483 3543 525 3590 eo
552 3544 659 3589 suave
687 3531 761 3614 est,
798 3517 949 3618 quodsi
976 3515 1166 3610 acciderit,

108 3713 110 3717 ,
155 3652 229 3711 tota
264 3642 335 3714 vita
369 3644 458 3715 risus
495 3643 598 3716 uobis
632 3644 754 3716 deesse
788 3670 861 3716 non
895 3643 1011 3743 possit
1032 3659 1057 3712 9.
1098 3641 1166 3713 Sed

126 3775 128 3779 '
155 3767 243 3838 tanti
270 3768 484 3842 mehercule:
507 3797 584 3842 <non
610 3771 760 3849 multum
780 3772 826 3842 Μ.
845 3770 1017 3842 Octavius
1043 3796 1164 3841 eorum

153 3892 256 3992 odia,
296 3922 385 3996 quae
419 3897 561 4001 Hirrum
597 3912 764 3999 premunt
785 3915 825 3997 ¹⁰,
859 3922 949 3998 quae
988 3895 1163 3997 permulta

151 4032 250 4119 sunt,
276 4020 445 4096 sublevat.
