2616 4852
531 347 568 395 ra
593 341 782 394 arrsroms
1082 319 1154 421 457

155 446 197 509 55
218 443 376 507 Obscurus
396 442 488 505 loeus.
510 446 556 504 An
576 445 684 506 excidit
703 447 781 505 non?
801 443 886 504 Bono
906 443 1020 504 nomine
1032 447 1155 504 centesi-

196 556 252 615 mis
271 573 332 614 non
358 563 510 639 contentas
529 564 601 613 erat.
628 551 703 612 Nam
724 550 785 611 hoc
805 549 965 632 impudens
984 560 1067 622 erat,
1086 553 1159 631 quia

197 669 302 722 uonna
321 658 470 749 edictum,
490 668 520 718 et
540 660 699 720 avaritiam
719 660 840 739 turpem
854 655 1012 739 prodebat.
1033 654 1074 715 Et
1087 667 1157 717 ante

197 768 240 827 sio
260 775 319 827 est:
341 764 424 825 Nihil
442 764 636 848 irnpudentim
658 763 689 824 S.
710 766 763 845 qui
783 764 943 823 centesimis
955 796 995 810 -
1008 772 1159 823 warnitus

196 883 357 933 nonssesset.
367 870 446 939 ,Non
466 870 541 932 bono
554 893 583 952 q.
596 890 622 930 e.
641 870 796 951 sperabat,
815 889 925 951 nempe
945 867 986 928 ab
999 867 1077 940 alio,
1089 877 1159 949 post

195 977 386 1051 Ciceronem,
405 979 582 1060 magistratu
602 976 758 1059 sperabat,
778 997 810 1037 se
829 975 956 1036 fortasse
975 976 1155 1056 impetratu-

195 1104 283 1158 rum,
300 1095 336 1144 ut
355 1067 516 1165 quaternas
535 1085 711 1144 centesimas
738 1083 856 1144 solvere
883 1081 1039 1143 Salaminii
1062 1099 1155 1161 eoge-

195 1201 309 1251 rentur.
331 1190 445 1250 Emesa
466 1189 554 1252 amb.
579 1189 615 1250 16
634 1191 769 1272 sperabit.

155 1295 197 1357 56
216 1296 322 1369 Marco
344 1297 469 1374 Catoni3
488 1318 536 1379 ep.
557 1296 698 1368 CCLVI,
719 1295 747 1357 5.

155 1400 195 1482 57
215 1402 299 1492 Edd.¹
314 1424 377 1485 pn,
396 1404 453 1464 Ro.
474 1413 611 1486 excepta,
632 1415 664 1463 nt
680 1413 762 1484 puto.

155 1507 199 1570 58
217 1506 440 1582 Traherentur‚
460 1520 490 1570 et
511 1512 595 1591 quasi
621 1518 826 1570 servarentur:
848 1507 1100 1578 observarentur,
1120 1515 1157 1567 ut

166 1660 168 1667 .
195 1635 243 1698 ep.
264 1614 387 1688 CCLIl,
405 1617 434 1694 4.
458 1615 581 1677 Corrad.
602 1617 637 1675 In
657 1616 884 1697 supputatione;
900 1613 969 1673 inde
983 1611 1114 1674 subduco
1128 1618 1158 1673 at

195 1721 324 1782 rationes
343 1721 512 1783 subducere.
532 1722 646 1783 Manut.
667 1722 710 1785 Vt
730 1742 792 1781 uno
806 1719 975 1801 eodemque
994 1722 1027 1779 in
1046 1740 1155 1800 perpe-

193 1836 283 1887 tuum
303 1831 533 1890 centesimarum
556 1829 660 1889 fenore
686 1838 822 1900 servato,
842 1847 941 1908 neque
969 1827 1156 1887 anatocismo

196 1933 316 2007 addito,
336 1955 445 1996 usurae
466 1934 665 1997 solverentur.

154 2038 197 2123 59
215 2040 252 2100 ln
265 2040 366 2122 digitis
381 2044 461 2103 enim
475 2053 639 2125 supputare
659 2040 805 2102 solebant.
828 2040 947 2101 Sclu‘c'ta.
968 2037 1072 2100 Habes
1090 2037 1158 2097 cub·

194 2144 332 2219 ductum,
358 2148 468 2209 scilicet
495 2150 573 2208 inter
599 2147 647 2220 id,
673 2140 756 2229 quod
782 2147 904 2229 Scaptio
930 2165 986 2228 ego
1003 2141 1156 2205 concede·

193 2250 280 2325 bam,
300 2262 331 2313 et
350 2254 433 2334 quod
453 2265 572 2315 senatus
592 2254 733 2316 decrevit.

150 2356 195 2420 60
215 2357 263 2418 Ad
283 2359 499 2421 confectionem
520 2360 692 2421 tabularum
711 2381 876 2432 novarum,
895 2359 1072 2421 nominibus
1093 2359 1161 2441 qui-
1187 2396 1189 2402 ι

192 2462 383 2546 buscumque
410 2486 427 2526 e
452 2465 533 2526 libro
565 2466 714 2539 induetis,
742 2477 773 2526 et
799 2465 968 2527 rationibus
998 2465 1159 2526 renovatis.

193 2569 276 2633 Vide
296 2569 359 2632 lnd.

149 2676 189 2738 61
215 2676 343 2738 Dieeula
361 2687 406 2738 est
424 2699 519 2759 parva
539 2678 618 2752 dies,
638 2690 682 2750 et,
703 2689 737 2738 ut
758 2679 858 2758 inquit
879 2678 1040 2746 Asconius,
1064 2674 1158 2735 breve

192 2794 314 2865 tempus
335 2794 365 2844 et
384 2804 487 2845 mora>
501 2786 607 2867 ltaque
626 2784 775 2846 dieculam
796 2784 903 2844 discere
923 2794 969 2845 est
994 2783 1074 2843 diem
1098 2783 1158 2844 sol-

192 2888 284 2949 vendi
305 2890 407 2972 paullo
428 2891 571 2951 laxiorem
592 2894 781 2953 constituere.
801 2893 849 2953 De
861 2890 921 2952 hoc
943 2890 1007 2950 Caii
1023 2889 1159 2950 Caesaris

193 2994 275 3055 facto
294 2994 372 3056 nihil
393 2996 475 3079 apud
494 2996 691 3059 historiarum
708 3000 884 3082 scriptorem
898 2996 1001 3058 sedda
1016 2995 1160 3057 dilatione

193 3100 352 3162 solutionis
377 3123 546 3164 sermonem
567 3126 649 3178 esse,
669 3108 848 3188 interpretes
869 3107 1002 3165 saniores
1024 3103 1159 3164 credunt.

194 3205 320 3269 Constat
334 3208 492 3270 Caesarem
506 3213 640 3293 primum
655 3212 811 3272 consulem
826 3212 877 3290 (Α.
889 3211 929 3273 V.
941 3209 974 3270 C.
987 3195 1161 3288 Dcxclvj

191 3313 325 3375 multum
346 3314 383 3375 de
403 3315 505 3393 debita
524 3323 652 3399 pecunia
672 3321 747 3402 reip.
762 3303 985 3379 redemtoribus
999 3319 1161 3378 remisisse.

191 3418 336 3481 Fortasse
357 3441 429 3502 ergo
449 3421 555 3484 eadem
583 3426 739 3484 occasione
765 3426 802 3484 iis
822 3423 904 3484 diem
933 3424 1091 3484 solutionis
1119 3421 1161 3481 la-

192 3545 263 3586 xam
283 3529 446 3588 constituit
466 3528 545 3591 Vide
565 3530 774 3611 Mongaltium.
797 3529 870 3606 Mox
891 3529 1033 3612 reipubl.
1059 3529 1159 3608 recepi

193 3653 265 3692 eum
286 3631 398 3694 seban
423 3655 458 3696 er
485 3635 551 3696 cod.
576 3636 692 3698 Balliol.
723 3648 752 3697 et
779 3636 959 3698 subauditur
988 3635 1062 3697 mali
1076 3633 1160 3716 ficit.

191 3738 297 3821 Vulgo
317 3742 462 3823 respubl
480 3743 558 3823 plna

148 3843 193 3906 62
214 3845 262 3906 De
286 3845 451 3927 domestico
480 3850 619 3929 negotio,
639 3848 750 3911 scilicet
777 3850 815 3910 de
843 3851 946 3912 Tullia
973 3847 1035 3909 filia
1065 3843 1159 3906 collo-

193 3952 305 4031 canda3
326 3974 396 4036 epp.
417 3952 512 4017 CCIV
534 3965 606 4017 extr.
629 3966 660 4017 et
681 3956 836 4031 CCXLll,
858 3977 884 4017 a.
