2616 4852
531 329 568 401 ru
594 327 785 383 srrsrotss
1090 310 1164 415 399

149 430 190 492 25
209 430 384 491 Laterensis
405 428 525 490 scilicet
545 430 603 492 Ed.
623 431 681 491 Ro.
700 450 792 513 qaum
811 432 1006 511 transegisset,
1019 443 1050 494 et
1067 446 1163 497 trum·

188 540 295 619 egisset
312 535 429 598 habeut
448 535 519 598 libri
538 536 601 599 fere
621 558 734 600 omnes.
755 537 828 600 Mox
849 536 943 600 verba
955 551 986 600 et
1001 562 1033 600 re
1052 540 1164 623 absunt

188 668 209 706 a
221 643 308 706 libris
321 643 471 727 pluribus.
492 642 533 706 Se
551 645 728 718 relaturum,
741 647 886 706 nimirum
900 643 1074 710 absolutum
1089 650 1162 712 Ser-

189 753 301 815 vilium
321 755 353 815 in
374 752 501 814 tabulas.

147 859 189 921 26
210 860 275 937 Qui
294 881 352 921 nec
371 860 532 922 damnatus
552 862 605 932 sit,
626 880 683 922 nec
703 859 880 935 absolutus,
894 863 1161 943 praevaricationis

188 977 294 1028 tamen
314 977 388 1028 nota
401 988 437 1029 ex
457 969 607 1051 superiori
623 966 736 1030 iudicio
748 967 864 1041 laesus,
882 968 1021 1030 tradetur
1040 990 1110 1032 reus
1124 971 1162 1032 de

189 1075 367 1158 repetundis
385 1075 476 1137 Pilio.

147 1202 187 1265 27
210 1183 343 1244 Causam
364 1185 501 1266 exponit,
521 1204 592 1256 cur,
612 1203 708 1267 quum
729 1182 769 1243 ab
790 1184 892 1265 Appio
912 1194 943 1244 et
962 1183 1043 1245 Pilio
1058 1196 1164 1268 postu-

189 1291 290 1351 latum
312 1289 474 1352 Servilium
494 1290 638 1363 dixisset,
658 1311 755 1352 unum
777 1290 1009 1372 posteaPilium
1021 1294 1163 1354 nomina·

189 1401 240 1459 rit.
262 1397 358 1476 Quod
378 1398 418 1461 ad
437 1397 668 1471 divinationem,
688 1400 805 1480 inquit,
818 1400 939 1473 attinet,
952 1400 1067 1481 Appius
1087 1422 1162 1462 con-

189 1503 318 1567 tendere
332 1526 402 1566 cnm
415 1505 495 1567 Pilio
507 1526 570 1566 uon
583 1516 628 1567 est
641 1527 747 1579 ausus,
759 1517 829 1567 uter
844 1527 986 1568 accusare
998 1507 1163 1569 Servilium

188 1611 325 1674 deberet.
347 1613 465 1674 Manat.
493 1610 594 1694 Quum
612 1612 793 1675 ramnum
818 1613 956 1686 inrasm,
984 1634 1081 1694 quum
1101 1616 1163 1676 iam

189 1718 354 1780 accusandi
374 1730 475 1803 partes
496 1722 674 1804 suscepisset
693 1723 828 1804 Appius,
849 1731 986 1803 essetque
1010 1720 1163 1804 professus

190 1827 409 1902 iureiurando,
429 1848 461 1889 se
480 1838 688 1889 accusatorem
709 1829 788 1900 fore,
808 1837 838 1890 et
858 1829 922 1890 sine
942 1828 1093 1888 calumnia
1112 1851 1162 1890 ac-

135 1916 137 1922 ’
191 1946 380 1997 maturum.
400 1935 513 1997 confer
531 1936 598 1998 niv.
613 1936 762 2008 xxx1n,
774 1935 829 2018 47,
842 1945 873 1996 et
886 1956 935 2018 ep.
955 1936 1051 2008 cut,
1072 1956 1099 1995 α.
1120 1936 1163 1996 rr

188 2044 273 2126 ipse,
291 2045 418 2126 Appius.

149 2148 191 2212 28
211 2149 260 2211 Ad
273 2150 521 2212 calumniandum
533 2147 708 2212 subornato.
723 2149 896 2211 Translatio
911 2171 946 2212 ex
960 2150 1077 2211 militia.
1094 2148 1163 2212 cet-

189 2258 245 2319 lar.
262 2257 371 2341 -Vuigo
396 2259 482 2320 Tito.
499 2257 586 2323 Libri
600 2260 704 2342 scripti
718 2268 749 2319 et
761 2258 828 2320 edd.
843 2269 915 2319 vett.
930 2268 1090 2341 corrupte;
1103 2258 1161 2320 Ro.
1258 2276 1264 2325 ,ι

189 2367 358 2428 emissarius
382 2365 463 2428 Tetio
470 2388 481 2442 ‚¹
501 2377 618 2429 ceterae
631 2367 736 2429 enrissa
749 2366 877 2428 rustetio.
898 2367 1047 2428 Neutrum
1060 2387 1162 2449 neque
1177 2356 1184 2366 ’

195 2473 297 2547 Titio,
316 2493 416 2558 neque
440 2473 535 2536 Tctno
560 2476 695 2556 agnoscit
723 2474 841 2537 Manus.
867 2472 952 2550 1543.
980 2474 1062 2535 Tum
1090 2472 1161 2535 libri

188 2579 256 2642 fere
276 2601 382 2642 omnes
392 2580 513 2663 faetus,
532 2583 596 2643 sine
609 2593 660 2642 est.
680 2580 789 2654 Recte,
810 2590 870 2653 est,
882 2581 982 2661 inquit
997 2579 1162 2652 Graevius,

185 2709 247 2774 par
266 2686 345 2750 bene
365 2699 592 2774 comparatum,
612 2699 683 2751 sunt
699 2688 761 2750 dno
775 2688 889 2771 egregii
909 2686 1086 2749 adversarii.
1106 2687 1161 2746 Ni-

186 2798 303 2857 mirum
323 2796 513 2858 adrersarius
533 2808 564 2859 et
582 2818 652 2859 reus
672 2806 743 2861 runt
768 2795 908 2858 homines
933 2815 1077 2878 nequam.
1104 2792 1160 2854 Di-

187 2914 275 2965 ctum
294 2922 368 2984 par,
388 2923 424 2966 eo
444 2924 534 2966 seusu
553 2925 617 2987 quo
637 2924 699 2986 por
721 2903 923 2985 ghdiatornm
948 2901 1060 2963 dicitur
1085 2899 1161 2984 ops

187 3011 266 3075 Gen.
288 3009 345 3072 Or.
365 3009 395 3072 6.

146 3138 188 3201 29
209 3119 298 3178 Dum
318 3128 508 3202 exspectatur
534 3117 609 3201 quid
633 3118 671 3183 de
694 3119 802 3183 Galliis
828 3117 924 3181 fieret.
944 3117 1060 3180 Emest.
1080 3114 1161 3177 Vide

187 3245 259 3308 epp.
282 3225 376 3298 CCX,
403 3235 478 3288 set
499 3226 611 3302 CCVI,
632 3227 967 3310 33p1an1usveroep.
988 3223 1111 3297 CXCII,
1132 3242 1160 3284 r.

147 3331 190 3392 30
212 3330 334 3393 Scilicet
354 3332 521 3394 Caesarem.

149 3439 185 3501 31
214 3437 328 3500 SCtum
347 3439 475 3514 sactum,
495 3443 609 3524 inquit,
629 3444 791 3525 respiciens
804 3440 844 3502 ad
857 3442 992 3525 primum
1015 3439 1159 3519 (euque-

187 3556 261 3607 tuor
280 3545 408 3608 decretis
422 3568 500 3631 quae
513 3551 720 3632 sequuntur),
740 3551 789 3611 cui
810 3549 1005 3608 intercessum
1023 3565 1085 3604 non
1099 3553 1159 3620 est;

186 3655 379 3716 auctoritates
398 3677 472 3719 vero
493 3658 655 3739 respiciens
683 3656 723 3721 ad
743 3654 862 3737 reliqua
883 3655 957 3728 tria,
978 3651 1089 3737 quibus
1110 3653 1158 3710 in-

188 3771 355 3823 tercessum
377 3775 430 3825 est.
450 3763 591 3827 Vidimus
611 3773 713 3829 autem
734 3783 797 3825 non
810 3761 937 3834 SCtnm‚
951 3760 1003 3822 sed
1016 3758 1157 3825 Auctori-

192 3877 286 3929 tatem
304 3867 364 3931 dici
388 3869 542 3933 decretum
570 3871 644 3933 illud
673 3871 821 3945 Senatus,
848 3870 897 3930 cui
923 3866 1036 3931 tribuni
1063 3864 1105 3949 pt.
1126 3883 1157 3924 se

190 3977 410 4058 opposuissem.
821 3972 823 3976 ’
