2616 4852
164 325 234 397 230
487 342 657 394 rrrsrom
683 343 824 393 ccxxxv.
938 342 1021 392 nv.
1040 347 1068 395 c.
1086 361 1131 410 ⁷⁰²

160 452 253 522 enirn
269 447 330 522 illo
347 445 568 520 adolescente
586 431 722 544 gratius.
741 446 824 545 Sed,
843 444 1055 547 mehercule,
1071 451 1153 522 mihi

159 599 300 676 quoque
324 574 556 672 gratissimum
580 573 699 646 fecisti.
732 570 846 646 Pluris
871 572 966 644 enim
991 599 1037 645 ex
1063 577 1154 648 omni

157 699 374 774 nobilitate²
399 699 575 773 neminem
600 697 699 772 facio.
725 699 866 800 Itaque,
895 698 924 771 si
950 725 992 772 ea
1017 699 1154 802 seceris,

159 852 248 927 quae
273 824 329 897 ille
354 851 418 925 per
442 850 498 897 me
531 838 649 898 tecum
682 815 736 922 agi
761 823 889 922 voluit,
923 825 1154 923 gratissimum

157 951 244 1023 mihi
269 951 398 1023 feceris.
432 951 591 1024 Primum
625 949 669 1023 de
700 951 872 1024 Pausania
897 950 1153 1051 Alabandensi,

158 1090 331 1150 sustentes
356 1101 448 1174 rem,
470 1075 554 1149 dum
571 1075 665 1150 Nero
683 1078 809 1151 veniat.
827 1076 1070 1151 Vehementer
1084 1078 1152 1151 eius

159 1228 263 1275 causa
289 1227 416 1303 cupere
441 1228 523 1276 eum
546 1201 709 1275 intellexi.
737 1203 859 1304 Itaque
890 1202 961 1278 hoc
993 1203 1097 1278 valde
1120 1219 1151 1278 te

156 1355 252 1428 rogo.
278 1328 415 1404 Deinde
438 1327 597 1427 Nysaeos
610 1329 635 1428 ³,
652 1354 740 1430 quos
765 1327 859 1403 Nero
884 1331 922 1402 in
947 1331 1071 1429 primis
1094 1329 1152 1404 ha·

155 1451 218 1527 het
242 1455 476 1553 necessarios,
513 1449 842 1556 diligentissimeque
875 1468 996 1530 tuetur
1030 1483 1071 1555 ac
1096 1456 1151 1544 de-

156 1578 284 1679 fendit,
299 1579 430 1653 habeas
446 1579 512 1653 tibi
535 1580 911 1655 commendatissimos:
930 1596 971 1657 ut
984 1582 1152 1682 intelligat

155 1705 214 1780 illa
240 1708 380 1806 civitas,
404 1707 472 1781 sibi
495 1708 533 1782 in
557 1707 708 1782 Neronis
731 1708 962 1808 patrociniol·
979 1734 1150 1784 smumum

156 1859 233 1906 esse
256 1833 478 1934 praesidium.
512 1833 720 1907 Strabonem
752 1832 935 1908 Servilium
961 1834 1029 1907 tibi
1052 1860 1149 1936 saepe

156 1959 401 2034 commendavi
413 1989 423 2059 3
456 1984 550 2033 nuno
575 1985 618 2034 eo
643 1959 733 2032 facio
757 1958 796 2031 id
821 1959 1035 2059 impensius,
1060 1958 1149 2062 quod

155 2087 230 2158 eius
256 2113 397 2159 causam
421 2085 516 2160 Nero
541 2085 705 2185 suscepit.
724 2085 916 2166 Tantuma
933 2099 969 2159 te
986 2086 1148 2189 petimus,

154 2225 195 2282 ut
220 2237 301 2309 agas
327 2237 405 2284 eam
429 2237 522 2308 rem,
546 2214 625 2285 ne⁵
650 2211 823 2312 relinquas
847 2211 1030 2286 hominem
1053 2213 1147 2285 inno·

155 2349 293 2408 centem
330 2335 376 2408 ad
414 2335 556 2409 alicuius
593 2339 645 2410 tui
680 2337 854 2411 dissimilis
880 2352 1075 2438 quaestum.
1099 2337 1146 2411 ·Id

155 2488 264 2560 quum
292 2476 427 2560 gratum
459 2463 546 2535 mihi
578 2464 660 2562 erit,
695 2477 769 2535 tum
794 2465 899 2536 etiam
925 2463 1145 2562 existimabo,

154 2601 191 2660 te
216 2587 433 2662 humanitate
458 2605 518 2662 tua
544 2615 619 2662 esse
644 2614 754 2662 usum.
781 2590 924 2664 Summa
950 2589 1055 2663 huius
1080 2591 1146 2690 epi·

100 2736 102 2740 ·
152 2714 262 2788 stolae
289 2714 376 2788 haec
402 2730 472 2815 est,
488 2730 528 2789 ut
544 2742 647 2790 ornes
665 2714 828 2789 omnibus
845 2715 948 2789 rebus
965 2717 1146 2813 Neronem,

154 2842 245 2914 siout
277 2843 458 2916 instituisti
491 2856 595 2944 atque
626 2842 747 2915 iecisti.
780 2843 954 2940 Magnum·
977 2842 1147 2916 theatrum

152 2966 261 3039 habet
286 2969 354 3040 ista
379 2957 604 3067 provincias,
635 2993 709 3041 non
743 2981 781 3040 ut
810 2968 910 3040 haee
930 2982 1076 3067 nostra,
1108 2966 1146 3040 ad

155 3091 386 3165 adolescentis
419 3094 566 3193 nobilis,
598 3095 785 3194 ingeniosi,
818 3094 1027 3167 abstinentis
1056 3120 1146 3168 com·

153 3217 416 3298 mendationem
441 3233 545 3320 atque
571 3219 724 3318 gloriam.
743 3222 877 3320 Quare,
901 3221 931 3292 si
956 3234 993 3291 te
1018 3219 1145 3293 fautore

153 3371 236 3418 usus
263 3346 344 3443 erit,
377 3346 478 3418 sicuti
511 3347 669 3447 prolecto
702 3361 738 3419 et
765 3361 883 3420 utetur
907 3360 944 3418 et
968 3372 1054 3419 usus
1080 3358 1145 3440 est,

153 3471 383 3573 amplissimas
410 3472 603 3571 clientelas,
628 3488 790 3573 acceptas
807 3499 827 3545 a
845 3472 1057 3565 maioribus,
1073 3497 1144 3545 con·

152 3600 291 3670 firmare
316 3599 463 3698 poterit,
482 3614 517 3672 et
532 3599 709 3672 beneficiis
734 3601 804 3672 suis
829 3597 992 3696 obligare.
1020 3599 1100 3672 Hoc
1112 3598 1141 3668 in

154 3746 278 3829 genere
303 3725 332 3797 si
357 3703 438 3798 eum
463 3726 635 3800 adiuveris
660 3752 702 3798 eo
732 3725 865 3823 studio,
893 3750 963 3825 quo
995 3722 1139 3796 ostendi-

153 3854 211 3951 sti,
234 3852 330 3952 apud
346 3855 462 3952 ipsum
478 3853 750 3953 praeclarissime
766 3850 938 3954 posueris,
955 3851 1018 3925 sed
1032 3870 1046 3917 ⁷
1064 3845 1135 3923 mihi

153 3983 257 4056 etiam
283 3981 517 4082 gratissimum
543 3981 672 4055 feceris.
