<?xml version="1.0" encoding="UTF-8"?>
<!DOCTYPE html PUBLIC "-//W3C//DTD XHTML 1.0 Transitional//EN"
    "http://www.w3.org/TR/xhtml1/DTD/xhtml1-transitional.dtd">
<html xmlns="http://www.w3.org/1999/xhtml" xml:lang="en" lang="en">
 <head>
  <title>
</title>
<meta http-equiv="Content-Type" content="text/html;charset=utf-8" />
  <meta name='ocr-system' content='tesseract 3.04.00' />
  <meta name='ocr-capabilities' content='ocr_page ocr_carea ocr_par ocr_line ocrx_word'/>
</head>
<body>
  <div class='ocr_page' id='page_1' title='image "./mtulliiciceroni02cicegoog_0283.png"; bbox 0 0 2616 4852; ppageno 0'>
   <div class='ocr_carea' id='block_1_1' title="bbox 154 354 1155 3618">
    <p class='ocr_par' dir='ltr' id='par_1_1' title="bbox 154 354 1155 3618">
     <span class='ocr_line' id='line_1_1' title="bbox 163 354 1132 451; baseline 0.002 -28"><span class='ocrx_word' id='word_1_1' title='bbox 163 354 236 451; x_wconf 80' lang='lat'>278</span> <span class='ocrx_word' id='word_1_2' title='bbox 497 369 668 420; x_wconf 78' lang='lat' dir='ltr'>urrsrom</span> <span class='ocrx_word' id='word_1_3' title='bbox 694 368 830 423; x_wconf 85' lang='lat' dir='ltr'>ccxmv.</span> <span class='ocrx_word' id='word_1_4' title='bbox 945 371 977 420; x_wconf 80' lang='lat' dir='ltr'>s.</span> <span class='ocrx_word' id='word_1_5' title='bbox 996 376 1030 422; x_wconf 84' lang='lat' dir='ltr'>v.</span> <span class='ocrx_word' id='word_1_6' title='bbox 1048 376 1074 424; x_wconf 90' lang='lat' dir='ltr'>c.</span> <span class='ocrx_word' id='word_1_7' title='bbox 1092 381 1132 439; x_wconf 81' lang='lat'>7⁰³</span> 
     </span>
     <span class='ocr_line' id='line_1_2' title="bbox 162 472 1152 577; baseline 0.006 -30"><span class='ocrx_word' id='word_1_8' title='bbox 162 477 223 577; x_wconf 92' lang='lat' dir='ltr'>qui</span> <span class='ocrx_word' id='word_1_9' title='bbox 247 475 337 574; x_wconf 85' lang='lat' dir='ltr'>exigi</span> <span class='ocrx_word' id='word_1_10' title='bbox 363 472 489 570; x_wconf 73' lang='lat' dir='ltr'>velint5</span> <span class='ocrx_word' id='word_1_11' title='bbox 514 488 550 544; x_wconf 90' lang='lat' dir='ltr'>et</span> <span class='ocrx_word' id='word_1_12' title='bbox 575 499 631 544; x_wconf 92' lang='lat' dir='ltr'>me</span> <span class='ocrx_word' id='word_1_13' title='bbox 658 487 794 571; x_wconf 72' lang='lat' dir='ltr'>tamen,</span> <span class='ocrx_word' id='word_1_14' title='bbox 820 472 918 573; x_wconf 76' lang='lat' dir='ltr'>qrmd</span> <span class='ocrx_word' id='word_1_15' title='bbox 942 488 977 549; x_wconf 92' lang='lat' dir='ltr'>te</span> <span class='ocrx_word' id='word_1_16' title='bbox 994 476 1082 551; x_wconf 87' lang='lat' dir='ltr'>velle</span> <span class='ocrx_word' id='word_1_17' title='bbox 1097 485 1152 554; x_wconf 84' lang='lat' dir='ltr'>exi-</span> 
     </span>
     <span class='ocr_line' id='line_1_3' title="bbox 160 599 1105 701; baseline 0.002 -25"><span class='ocrx_word' id='word_1_18' title='bbox 160 605 320 701; x_wconf 75' lang='lat' dir='ltr'>stimem,</span> <span class='ocrx_word' id='word_1_19' title='bbox 345 626 419 672; x_wconf 90' lang='lat' dir='ltr'>esse</span> <span class='ocrx_word' id='word_1_20' title='bbox 444 599 626 671; x_wconf 84' lang='lat' dir='ltr'>facturum.</span> <span class='ocrx_word' id='word_1_21' title='bbox 652 601 707 671; x_wconf 91' lang='lat' dir='ltr'>De</span> <span class='ocrx_word' id='word_1_22' title='bbox 733 600 905 699; x_wconf 85' lang='lat' dir='ltr'>Appianis</span> <span class='ocrx_word' id='word_1_23' title='bbox 931 601 1105 679; x_wconf 88' lang='lat' dir='ltr'>hacteuus.</span> 
     </span>
     <span class='ocr_line' id='line_1_4' title="bbox 211 725 1155 836; baseline 0 -30"><span class='ocrx_word' id='word_1_24' title='bbox 211 733 233 806; x_wconf 86' lang='lat'>3</span> <span class='ocrx_word' id='word_1_25' title='bbox 259 732 290 803; x_wconf 90' lang='lat' dir='ltr'><strong>A</strong></span> <span class='ocrx_word' id='word_1_26' title='bbox 315 728 507 826; x_wconf 75' lang='lat' dir='ltr'>Pausania,</span> <span class='ocrx_word' id='word_1_27' title='bbox 537 725 679 798; x_wconf 77' lang='lat' dir='ltr'>Lentuli</span> <span class='ocrx_word' id='word_1_28' title='bbox 711 725 856 827; x_wconf 75' lang='lat' dir='ltr'>liberto,</span> <span class='ocrx_word' id='word_1_29' title='bbox 890 754 1040 804; x_wconf 89' lang='lat' dir='ltr'>accenso</span> <span class='ocrx_word' id='word_1_30' title='bbox 1066 759 1155 836; x_wconf 75' lang='lat' dir='ltr'>meo,</span> 
     </span>
     <span class='ocr_line' id='line_1_5' title="bbox 161 852 1154 961; baseline 0.001 -30"><span class='ocrx_word' id='word_1_31' title='bbox 161 857 299 953; x_wconf 82' lang='lat' dir='ltr'>audivi,</span> <span class='ocrx_word' id='word_1_32' title='bbox 335 880 445 957; x_wconf 90' lang='lat' dir='ltr'>quum</span> <span class='ocrx_word' id='word_1_33' title='bbox 479 852 628 952; x_wconf 76' lang='lat' dir='ltr'>diceret,</span> <span class='ocrx_word' id='word_1_34' title='bbox 661 865 697 924; x_wconf 88' lang='lat' dir='ltr'>te</span> <span class='ocrx_word' id='word_1_35' title='bbox 731 880 852 925; x_wconf 91' lang='lat' dir='ltr'>secum</span> <span class='ocrx_word' id='word_1_36' title='bbox 881 881 959 929; x_wconf 90' lang='lat' dir='ltr'>esse</span> <span class='ocrx_word' id='word_1_37' title='bbox 984 873 1154 961; x_wconf 69' lang='lat' dir='ltr'>questum,</span> 
     </span>
     <span class='ocr_line' id='line_1_6' title="bbox 161 979 1150 1087; baseline 0.003 -30"><span class='ocrx_word' id='word_1_38' title='bbox 161 983 257 1087; x_wconf 91' lang='lat' dir='ltr'>quod</span> <span class='ocrx_word' id='word_1_39' title='bbox 291 981 356 1054; x_wconf 89' lang='lat' dir='ltr'>tibi</span> <span class='ocrx_word' id='word_1_40' title='bbox 390 980 531 1054; x_wconf 87' lang='lat' dir='ltr'>obviam</span> <span class='ocrx_word' id='word_1_41' title='bbox 569 1005 643 1051; x_wconf 92' lang='lat' dir='ltr'>non</span> <span class='ocrx_word' id='word_1_42' title='bbox 675 979 880 1079; x_wconf 90' lang='lat' dir='ltr'>prodissem.</span> <span class='ocrx_word' id='word_1_43' title='bbox 913 980 1055 1057; x_wconf 81' lang='lat' dir='ltr'>Scilicet</span> <span class='ocrx_word' id='word_1_44' title='bbox 1078 1012 1150 1060; x_wconf 89' lang='lat' dir='ltr'>con-</span> 
     </span>
     <span class='ocr_line' id='line_1_7' title="bbox 160 1106 1144 1210; baseline 0.002 -27"><span class='ocrx_word' id='word_1_45' title='bbox 160 1110 260 1184; x_wconf 92' lang='lat' dir='ltr'>temsi</span> <span class='ocrx_word' id='word_1_46' title='bbox 279 1123 328 1208; x_wconf 75' lang='lat' dir='ltr'>te3</span> <span class='ocrx_word' id='word_1_47' title='bbox 339 1134 404 1180; x_wconf 90' lang='lat' dir='ltr'>uec</span> <span class='ocrx_word' id='word_1_48' title='bbox 421 1119 540 1207; x_wconf 86' lang='lat' dir='ltr'>potest</span> <span class='ocrx_word' id='word_1_49' title='bbox 557 1107 632 1178; x_wconf 91' lang='lat' dir='ltr'>fieri</span> <span class='ocrx_word' id='word_1_50' title='bbox 647 1132 705 1178; x_wconf 90' lang='lat' dir='ltr'>me</span> <span class='ocrx_word' id='word_1_51' title='bbox 722 1106 913 1209; x_wconf 85' lang='lat' dir='ltr'>quicquam</span> <span class='ocrx_word' id='word_1_52' title='bbox 930 1110 1106 1210; x_wconf 89' lang='lat' dir='ltr'>superbius</span> <span class='ocrx_word' id='word_1_53' title='bbox 1117 1130 1144 1185; x_wconf 86' lang='lat'>¹².</span> 
     </span>
     <span class='ocr_line' id='line_1_8' title="bbox 159 1231 1141 1337; baseline 0.004 -30"><span class='ocrx_word' id='word_1_54' title='bbox 159 1238 279 1330; x_wconf 91' lang='lat' dir='ltr'>Quum</span> <span class='ocrx_word' id='word_1_55' title='bbox 303 1260 391 1337; x_wconf 91' lang='lat' dir='ltr'>puer</span> <span class='ocrx_word' id='word_1_56' title='bbox 417 1247 497 1306; x_wconf 91' lang='lat' dir='ltr'>tuus</span> <span class='ocrx_word' id='word_1_57' title='bbox 524 1231 569 1305; x_wconf 89' lang='lat' dir='ltr'>ad</span> <span class='ocrx_word' id='word_1_58' title='bbox 594 1258 650 1304; x_wconf 90' lang='lat' dir='ltr'>me</span> <span class='ocrx_word' id='word_1_59' title='bbox 668 1233 822 1306; x_wconf 90' lang='lat' dir='ltr'>secunda</span> <span class='ocrx_word' id='word_1_60' title='bbox 840 1233 911 1307; x_wconf 83' lang='lat' dir='ltr'>fere</span> <span class='ocrx_word' id='word_1_61' title='bbox 929 1236 1047 1334; x_wconf 85' lang='lat' dir='ltr'>vigilia</span> <span class='ocrx_word' id='word_1_62' title='bbox 1060 1239 1086 1286; x_wconf 79' lang='lat'>¹³</span> <span class='ocrx_word' id='word_1_63' title='bbox 1101 1265 1141 1311; x_wconf 84' lang='lat' dir='ltr'>re</span> 
     </span>
     <span class='ocr_line' id='line_1_9' title="bbox 158 1358 1140 1462; baseline 0.001 -26"><span class='ocrx_word' id='word_1_64' title='bbox 158 1365 284 1461; x_wconf 81' lang='lat' dir='ltr'>nisset,</span> <span class='ocrx_word' id='word_1_65' title='bbox 308 1362 406 1462; x_wconf 91' lang='lat' dir='ltr'>isque</span> <span class='ocrx_word' id='word_1_66' title='bbox 432 1375 467 1432; x_wconf 90' lang='lat' dir='ltr'>te</span> <span class='ocrx_word' id='word_1_67' title='bbox 493 1373 574 1432; x_wconf 87' lang='lat' dir='ltr'>ante</span> <span class='ocrx_word' id='word_1_68' title='bbox 598 1358 715 1433; x_wconf 88' lang='lat' dir='ltr'>lucem</span> <span class='ocrx_word' id='word_1_69' title='bbox 740 1361 902 1434; x_wconf 90' lang='lat' dir='ltr'>Iconium</span> <span class='ocrx_word' id='word_1_70' title='bbox 931 1362 1019 1436; x_wconf 82' lang='lat' dir='ltr'>milri</span> <span class='ocrx_word' id='word_1_71' title='bbox 1045 1380 1140 1440; x_wconf 89' lang='lat' dir='ltr'>ventu-</span> 
     </span>
     <span class='ocr_line' id='line_1_10' title="bbox 158 1488 1139 1601; baseline 0 -35"><span class='ocrx_word' id='word_1_72' title='bbox 158 1517 238 1566; x_wconf 92' lang='lat' dir='ltr'>rum</span> <span class='ocrx_word' id='word_1_73' title='bbox 262 1491 473 1588; x_wconf 75' lang='lat' dir='ltr'>nuntiasset,</span> <span class='ocrx_word' id='word_1_74' title='bbox 497 1489 760 1601; x_wconf 73' lang='lat' dir='ltr'>incertumque,</span> <span class='ocrx_word' id='word_1_75' title='bbox 777 1502 856 1562; x_wconf 89' lang='lat' dir='ltr'>utra</span> <span class='ocrx_word' id='word_1_76' title='bbox 881 1488 957 1589; x_wconf 82' lang='lat' dir='ltr'>via,</span> <span class='ocrx_word' id='word_1_77' title='bbox 983 1513 1088 1594; x_wconf 90' lang='lat' dir='ltr'>quum</span> <span class='ocrx_word' id='word_1_78' title='bbox 1105 1519 1139 1566; x_wconf 78' lang='lat' dir='ltr'>es</span> 
     </span>
     <span class='ocr_line' id='line_1_11' title="bbox 158 1613 1138 1715; baseline -0.001 -23"><span class='ocrx_word' id='word_1_79' title='bbox 158 1631 236 1692; x_wconf 84' lang='lat' dir='ltr'>sent</span> <span class='ocrx_word' id='word_1_80' title='bbox 254 1617 357 1690; x_wconf 86' lang='lat' dir='ltr'>duae:</span> <span class='ocrx_word' id='word_1_81' title='bbox 375 1615 482 1688; x_wconf 89' lang='lat' dir='ltr'>altera</span> <span class='ocrx_word' id='word_1_82' title='bbox 498 1616 711 1713; x_wconf 79' lang='lat' dir='ltr'>varronem,</span> <span class='ocrx_word' id='word_1_83' title='bbox 728 1629 829 1688; x_wconf 92' lang='lat' dir='ltr'>tuum</span> <span class='ocrx_word' id='word_1_84' title='bbox 844 1613 1138 1715; x_wconf 79' lang='lat' dir='ltr'>familiarissimum,</span> 
     </span>
     <span class='ocr_line' id='line_1_12' title="bbox 158 1741 1137 1843; baseline -0.001 -25"><span class='ocrx_word' id='word_1_85' title='bbox 158 1745 265 1819; x_wconf 86' lang='lat' dir='ltr'>altera</span> <span class='ocrx_word' id='word_1_86' title='bbox 291 1745 335 1837; x_wconf 91' lang='lat' dir='ltr'>Q.</span> <span class='ocrx_word' id='word_1_87' title='bbox 360 1746 528 1843; x_wconf 75' lang='lat' dir='ltr'>Leptam,</span> <span class='ocrx_word' id='word_1_88' title='bbox 559 1741 777 1842; x_wconf 87' lang='lat' dir='ltr'>praesectum</span> <span class='ocrx_word' id='word_1_89' title='bbox 809 1742 947 1817; x_wconf 86' lang='lat' dir='ltr'>fabmm</span> <span class='ocrx_word' id='word_1_90' title='bbox 968 1743 1000 1811; x_wconf 75' lang='lat'>¹4</span> <span class='ocrx_word' id='word_1_91' title='bbox 1027 1771 1137 1840; x_wconf 78' lang='lat' dir='ltr'>meum,</span> 
     </span>
     <span class='ocr_line' id='line_1_13' title="bbox 158 1867 1136 1972; baseline -0.002 -28"><span class='ocrx_word' id='word_1_92' title='bbox 158 1871 222 1944; x_wconf 89' lang='lat' dir='ltr'>tibi</span> <span class='ocrx_word' id='word_1_93' title='bbox 248 1870 391 1945; x_wconf 87' lang='lat' dir='ltr'>obviam</span> <span class='ocrx_word' id='word_1_94' title='bbox 417 1870 504 1942; x_wconf 88' lang='lat' dir='ltr'>misi.</span> <span class='ocrx_word' id='word_1_95' title='bbox 527 1867 694 1942; x_wconf 87' lang='lat' dir='ltr'>Mandavi</span> <span class='ocrx_word' id='word_1_96' title='bbox 711 1870 852 1972; x_wconf 87' lang='lat' dir='ltr'>utrique</span> <span class='ocrx_word' id='word_1_97' title='bbox 870 1895 993 1943; x_wconf 91' lang='lat' dir='ltr'>eorum</span> <span class='ocrx_word' id='word_1_98' title='bbox 1000 1886 1064 1970; x_wconf 81' lang='lat' dir='ltr'>‚ut</span> <span class='ocrx_word' id='word_1_99' title='bbox 1078 1884 1136 1944; x_wconf 84' lang='lat' dir='ltr'>anu</span> 
     </span>
     <span class='ocr_line' id='line_1_14' title="bbox 158 1995 1136 2100; baseline -0.006 -26"><span class='ocrx_word' id='word_1_100' title='bbox 158 1999 204 2074; x_wconf 88' lang='lat' dir='ltr'>ad</span> <span class='ocrx_word' id='word_1_101' title='bbox 230 2027 286 2073; x_wconf 91' lang='lat' dir='ltr'>me</span> <span class='ocrx_word' id='word_1_102' title='bbox 312 2011 534 2072; x_wconf 81' lang='lat' dir='ltr'>excurrerent</span> <span class='ocrx_word' id='word_1_103' title='bbox 550 2000 599 2097; x_wconf 58' lang='lat'>¹⁵5</span> <span class='ocrx_word' id='word_1_104' title='bbox 614 2009 656 2069; x_wconf 95' lang='lat' dir='ltr'>ut</span> <span class='ocrx_word' id='word_1_105' title='bbox 681 1995 746 2070; x_wconf 90' lang='lat' dir='ltr'>tibi</span> <span class='ocrx_word' id='word_1_106' title='bbox 763 1996 906 2070; x_wconf 89' lang='lat' dir='ltr'>obviam</span> <span class='ocrx_word' id='word_1_107' title='bbox 923 1998 1064 2100; x_wconf 88' lang='lat' dir='ltr'>prodire</span> <span class='ocrx_word' id='word_1_108' title='bbox 1079 2023 1136 2099; x_wconf 82' lang='lat' dir='ltr'>pos</span> 
     </span>
     <span class='ocr_line' id='line_1_15' title="bbox 157 2123 1136 2226; baseline -0.006 -27"><span class='ocrx_word' id='word_1_109' title='bbox 157 2152 240 2200; x_wconf 88' lang='lat' dir='ltr'>sem.</span> <span class='ocrx_word' id='word_1_110' title='bbox 268 2127 420 2199; x_wconf 88' lang='lat' dir='ltr'>Curreus</span> <span class='ocrx_word' id='word_1_111' title='bbox 444 2126 557 2224; x_wconf 83' lang='lat' dir='ltr'>Lepta</span> <span class='ocrx_word' id='word_1_112' title='bbox 584 2123 702 2224; x_wconf 78' lang='lat' dir='ltr'>venit,</span> <span class='ocrx_word' id='word_1_113' title='bbox 727 2123 882 2226; x_wconf 88' lang='lat' dir='ltr'>mihique</span> <span class='ocrx_word' id='word_1_114' title='bbox 908 2125 1095 2225; x_wconf 77' lang='lat' dir='ltr'>nuntiavit,</span> <span class='ocrx_word' id='word_1_115' title='bbox 1113 2137 1136 2194; x_wconf 84' lang='lat' dir='ltr'>te</span> 
     </span>
     <span class='ocr_line' id='line_1_16' title="bbox 156 2251 1138 2352; baseline -0.002 -27"><span class='ocrx_word' id='word_1_116' title='bbox 156 2253 229 2325; x_wconf 90' lang='lat' dir='ltr'>iam</span> <span class='ocrx_word' id='word_1_117' title='bbox 246 2265 360 2324; x_wconf 89' lang='lat' dir='ltr'>castra</span> <span class='ocrx_word' id='word_1_118' title='bbox 376 2264 672 2352; x_wconf 81' lang='lat' dir='ltr'>praetergressum</span> <span class='ocrx_word' id='word_1_119' title='bbox 690 2276 776 2324; x_wconf 90' lang='lat' dir='ltr'>esse.</span> <span class='ocrx_word' id='word_1_120' title='bbox 792 2251 988 2327; x_wconf 83' lang='lat' dir='ltr'>Confestim</span> <span class='ocrx_word' id='word_1_121' title='bbox 1004 2251 1138 2326; x_wconf 85' lang='lat' dir='ltr'>Iconium</span> 
     </span>
     <span class='ocr_line' id='line_1_17' title="bbox 156 2375 1139 2477; baseline 0 -28"><span class='ocrx_word' id='word_1_122' title='bbox 156 2378 247 2449; x_wconf 85' lang='lat' dir='ltr'>veui.</span> <span class='ocrx_word' id='word_1_123' title='bbox 273 2377 399 2450; x_wconf 87' lang='lat' dir='ltr'>Cetera</span> <span class='ocrx_word' id='word_1_124' title='bbox 423 2377 494 2448; x_wconf 87' lang='lat' dir='ltr'>iam</span> <span class='ocrx_word' id='word_1_125' title='bbox 520 2377 585 2448; x_wconf 90' lang='lat' dir='ltr'>tibi</span> <span class='ocrx_word' id='word_1_126' title='bbox 609 2390 694 2450; x_wconf 89' lang='lat' dir='ltr'>nota</span> <span class='ocrx_word' id='word_1_127' title='bbox 720 2391 811 2450; x_wconf 82' lang='lat' dir='ltr'>sunt</span> <span class='ocrx_word' id='word_1_128' title='bbox 838 2378 895 2452; x_wconf 85' lang='lat' dir='ltr'>An</span> <span class='ocrx_word' id='word_1_129' title='bbox 920 2404 987 2477; x_wconf 84' lang='lat' dir='ltr'>ego</span> <span class='ocrx_word' id='word_1_130' title='bbox 1012 2375 1139 2452; x_wconf 73' lang='lat' dir='ltr'>tibist</span> 
     </span>
     <span class='ocr_line' id='line_1_18' title="bbox 156 2500 1139 2604; baseline -0.003 -28"><span class='ocrx_word' id='word_1_131' title='bbox 156 2504 251 2576; x_wconf 87' lang='lat' dir='ltr'>viam</span> <span class='ocrx_word' id='word_1_132' title='bbox 276 2528 351 2579; x_wconf 89' lang='lat' dir='ltr'>non</span> <span class='ocrx_word' id='word_1_133' title='bbox 375 2503 575 2603; x_wconf 87' lang='lat' dir='ltr'>prodireml</span> <span class='ocrx_word' id='word_1_134' title='bbox 595 2506 626 2555; x_wconf 79' lang='lat'>¹⁶</span> <span class='ocrx_word' id='word_1_135' title='bbox 652 2504 822 2603; x_wconf 83' lang='lat' dir='ltr'>primum,</span> <span class='ocrx_word' id='word_1_136' title='bbox 847 2504 967 2604; x_wconf 86' lang='lat' dir='ltr'>Appio</span> <span class='ocrx_word' id='word_1_137' title='bbox 993 2500 1139 2597; x_wconf 85' lang='lat' dir='ltr'>Claudiol</span> 
     </span>
     <span class='ocr_line' id='line_1_19' title="bbox 157 2629 1140 2736; baseline -0.003 -33"><span class='ocrx_word' id='word_1_138' title='bbox 157 2629 301 2730; x_wconf 81' lang='lat' dir='ltr'>deinde,</span> <span class='ocrx_word' id='word_1_139' title='bbox 325 2629 553 2736; x_wconf 75' lang='lat' dir='ltr'>imperatorii</span> <span class='ocrx_word' id='word_1_140' title='bbox 579 2629 724 2730; x_wconf 69' lang='lat' dir='ltr'>deinde,</span> <span class='ocrx_word' id='word_1_141' title='bbox 746 2656 846 2731; x_wconf 89' lang='lat' dir='ltr'>more</span> <span class='ocrx_word' id='word_1_142' title='bbox 872 2631 1068 2706; x_wconf 85' lang='lat' dir='ltr'>maioruml</span> <span class='ocrx_word' id='word_1_143' title='bbox 1090 2633 1140 2706; x_wconf 88' lang='lat' dir='ltr'>De·</span> 
     </span>
     <span class='ocr_line' id='line_1_20' title="bbox 155 2757 1139 2860; baseline -0.001 -31"><span class='ocrx_word' id='word_1_144' title='bbox 155 2759 261 2859; x_wconf 88' lang='lat' dir='ltr'>nique</span> <span class='ocrx_word' id='word_1_145' title='bbox 277 2774 318 2857; x_wconf 69' lang='lat'>¹⁷7</span> <span class='ocrx_word' id='word_1_146' title='bbox 334 2757 431 2860; x_wconf 92' lang='lat' dir='ltr'>quod</span> <span class='ocrx_word' id='word_1_147' title='bbox 457 2772 565 2856; x_wconf 89' lang='lat' dir='ltr'>caput</span> <span class='ocrx_word' id='word_1_148' title='bbox 589 2771 658 2855; x_wconf 70' lang='lat' dir='ltr'>est,</span> <span class='ocrx_word' id='word_1_149' title='bbox 676 2757 811 2830; x_wconf 86' lang='lat' dir='ltr'>amicol</span> <span class='ocrx_word' id='word_1_150' title='bbox 828 2760 1035 2857; x_wconf 87' lang='lat' dir='ltr'>praesertim</span> <span class='ocrx_word' id='word_1_151' title='bbox 1052 2781 1139 2860; x_wconf 88' lang='lat' dir='ltr'>quum</span> 
     </span>
     <span class='ocr_line' id='line_1_21' title="bbox 155 2883 1139 2983; baseline 0 -29"><span class='ocrx_word' id='word_1_152' title='bbox 155 2884 193 2955; x_wconf 93' lang='lat' dir='ltr'>in</span> <span class='ocrx_word' id='word_1_153' title='bbox 217 2884 285 2957; x_wconf 93' lang='lat' dir='ltr'>isto</span> <span class='ocrx_word' id='word_1_154' title='bbox 312 2909 437 2983; x_wconf 88' lang='lat' dir='ltr'>genere</span> <span class='ocrx_word' id='word_1_155' title='bbox 467 2883 581 2956; x_wconf 91' lang='lat' dir='ltr'>multo</span> <span class='ocrx_word' id='word_1_156' title='bbox 614 2883 721 2955; x_wconf 90' lang='lat' dir='ltr'>etiam</span> <span class='ocrx_word' id='word_1_157' title='bbox 754 2883 975 2959; x_wconf 87' lang='lat' dir='ltr'>ambitiosius</span> <span class='ocrx_word' id='word_1_158' title='bbox 994 2888 1024 2938; x_wconf 75' lang='lat'>¹⁸</span> <span class='ocrx_word' id='word_1_159' title='bbox 1048 2884 1139 2958; x_wconf 85' lang='lat' dir='ltr'>facere</span> 
     </span>
     <span class='ocr_line' id='line_1_22' title="bbox 156 3008 1140 3112; baseline -0.005 -30"><span class='ocrx_word' id='word_1_160' title='bbox 156 3008 310 3107; x_wconf 81' lang='lat' dir='ltr'>soleam,</span> <span class='ocrx_word' id='word_1_161' title='bbox 342 3037 449 3112; x_wconf 89' lang='lat' dir='ltr'>quam</span> <span class='ocrx_word' id='word_1_162' title='bbox 479 3008 595 3084; x_wconf 90' lang='lat' dir='ltr'>honos</span> <span class='ocrx_word' id='word_1_163' title='bbox 627 3034 726 3083; x_wconf 91' lang='lat' dir='ltr'>meus</span> <span class='ocrx_word' id='word_1_164' title='bbox 758 3025 794 3084; x_wconf 91' lang='lat' dir='ltr'>et</span> <span class='ocrx_word' id='word_1_165' title='bbox 820 3010 971 3109; x_wconf 84' lang='lat' dir='ltr'>dignitas</span> <span class='ocrx_word' id='word_1_166' title='bbox 996 3011 1140 3112; x_wconf 85' lang='lat' dir='ltr'>postulat.</span> 
     </span>
     <span class='ocr_line' id='line_1_23' title="bbox 156 3133 1141 3231; baseline 0 -25"><span class='ocrx_word' id='word_1_167' title='bbox 156 3133 227 3207; x_wconf 90' lang='lat' dir='ltr'>Sed</span> <span class='ocrx_word' id='word_1_168' title='bbox 251 3135 339 3208; x_wconf 88' lang='lat' dir='ltr'>haec</span> <span class='ocrx_word' id='word_1_169' title='bbox 364 3136 543 3209; x_wconf 90' lang='lat' dir='ltr'>hactenus.</span> <span class='ocrx_word' id='word_1_170' title='bbox 568 3136 662 3210; x_wconf 93' lang='lat' dir='ltr'>Illud</span> <span class='ocrx_word' id='word_1_171' title='bbox 681 3137 777 3209; x_wconf 91' lang='lat' dir='ltr'>idem</span> <span class='ocrx_word' id='word_1_172' title='bbox 792 3138 986 3212; x_wconf 87' lang='lat' dir='ltr'>Pausanias</span> <span class='ocrx_word' id='word_1_173' title='bbox 1003 3138 1141 3231; x_wconf 75' lang='lat' dir='ltr'>dicebat,</span> 
     </span>
     <span class='ocr_line' id='line_1_24' title="bbox 155 3259 1140 3365; baseline 0.002 -34"><span class='ocrx_word' id='word_1_174' title='bbox 155 3272 191 3332; x_wconf 89' lang='lat' dir='ltr'>te</span> <span class='ocrx_word' id='word_1_175' title='bbox 218 3259 360 3334; x_wconf 86' lang='lat' dir='ltr'>dixisse:</span> <span class='ocrx_word' id='word_1_176' title='bbox 386 3260 545 3355; x_wconf 88' lang='lat' dir='ltr'>Quidnil</span> <span class='ocrx_word' id='word_1_177' title='bbox 567 3280 599 3330; x_wconf 79' lang='grc' dir='ltr'>ι9</span> <span class='ocrx_word' id='word_1_178' title='bbox 627 3264 766 3364; x_wconf 85' lang='lat' dir='ltr'>Appius</span> <span class='ocrx_word' id='word_1_179' title='bbox 795 3264 968 3365; x_wconf 79' lang='lat' dir='ltr'>Lentulo,</span> <span class='ocrx_word' id='word_1_180' title='bbox 992 3263 1140 3341; x_wconf 89' lang='lat' dir='ltr'>Lentulus</span> 
     </span>
     <span class='ocr_line' id='line_1_25' title="bbox 154 3384 1138 3491; baseline -0.003 -33"><span class='ocrx_word' id='word_1_181' title='bbox 154 3385 275 3486; x_wconf 87' lang='lat' dir='ltr'>Appio</span> <span class='ocrx_word' id='word_1_182' title='bbox 308 3389 479 3486; x_wconf 89' lang='lat' dir='ltr'>processit</span> <span class='ocrx_word' id='word_1_183' title='bbox 511 3389 677 3464; x_wconf 85' lang='lat' dir='ltr'>obviam:</span> <span class='ocrx_word' id='word_1_184' title='bbox 711 3390 836 3463; x_wconf 89' lang='lat' dir='ltr'>Cicero</span> <span class='ocrx_word' id='word_1_185' title='bbox 869 3391 990 3491; x_wconf 83' lang='lat' dir='ltr'>Appio</span> <span class='ocrx_word' id='word_1_186' title='bbox 1022 3384 1138 3464; x_wconf 83' lang='lat' dir='ltr'>noluitl</span> 
     </span>
     <span class='ocr_line' id='line_1_26' title="bbox 155 3512 1136 3618; baseline 0.007 -35"><span class='ocrx_word' id='word_1_187' title='bbox 155 3512 315 3612; x_wconf 70' lang='lat' dir='ltr'>Quaeso,</span> <span class='ocrx_word' id='word_1_188' title='bbox 348 3515 499 3589; x_wconf 90' lang='lat' dir='ltr'>etiamne</span> <span class='ocrx_word' id='word_1_189' title='bbox 533 3531 571 3589; x_wconf 91' lang='lat' dir='ltr'>tu</span> <span class='ocrx_word' id='word_1_190' title='bbox 605 3516 670 3589; x_wconf 86' lang='lat' dir='ltr'>has</span> <span class='ocrx_word' id='word_1_191' title='bbox 704 3517 855 3618; x_wconf 87' lang='lat' dir='ltr'>ineptias</span> <span class='ocrx_word' id='word_1_192' title='bbox 890 3518 1050 3617; x_wconf 74' lang='lat' dir='ltr'>(homo,</span> <span class='ocrx_word' id='word_1_193' title='bbox 1079 3536 1136 3590; x_wconf 71' lang='lat' dir='ltr'>met</span> 
     </span>
    </p>
   </div>
   <div class='ocr_carea' id='block_1_2' title="bbox 153 3639 1162 4000">
    <p class='ocr_par' dir='ltr' id='par_1_2' title="bbox 153 3639 1162 4000">
     <span class='ocr_line' id='line_1_27' title="bbox 154 3639 1141 3747; baseline -0.002 -37"><span class='ocrx_word' id='word_1_194' title='bbox 154 3641 345 3741; x_wconf 79' lang='lat' dir='ltr'>sententia,</span> <span class='ocrx_word' id='word_1_195' title='bbox 370 3669 504 3716; x_wconf 90' lang='lat' dir='ltr'>summa</span> <span class='ocrx_word' id='word_1_196' title='bbox 531 3642 737 3747; x_wconf 69' lang='lat' dir='ltr'>prudentia,</span> <span class='ocrx_word' id='word_1_197' title='bbox 764 3644 875 3718; x_wconf 91' lang='lat' dir='ltr'>multa</span> <span class='ocrx_word' id='word_1_198' title='bbox 902 3646 1007 3719; x_wconf 91' lang='lat' dir='ltr'>etiam</span> <span class='ocrx_word' id='word_1_199' title='bbox 1033 3639 1141 3717; x_wconf 88' lang='lat' dir='ltr'>doctri-</span> 
     </span>
     <span class='ocr_line' id='line_1_28' title="bbox 153 3767 1149 3871; baseline 0.01 -34"><span class='ocrx_word' id='word_1_200' title='bbox 153 3790 217 3866; x_wconf 74' lang='lat' dir='ltr'>na7</span> <span class='ocrx_word' id='word_1_201' title='bbox 233 3767 385 3867; x_wconf 92' lang='lat' dir='ltr'>plurimo</span> <span class='ocrx_word' id='word_1_202' title='bbox 402 3797 519 3843; x_wconf 91' lang='lat' dir='ltr'>rerum</span> <span class='ocrx_word' id='word_1_203' title='bbox 543 3798 623 3869; x_wconf 77' lang='lat' dir='ltr'>usu,</span> <span class='ocrx_word' id='word_1_204' title='bbox 640 3768 735 3843; x_wconf 90' lang='lat' dir='ltr'>addo</span> <span class='ocrx_word' id='word_1_205' title='bbox 759 3771 999 3847; x_wconf 89' lang='lat' dir='ltr'>urbanitatem</span> <span class='ocrx_word' id='word_1_206' title='bbox 1012 3789 1051 3871; x_wconf 77' lang='lat'>²⁰,</span> <span class='ocrx_word' id='word_1_207' title='bbox 1066 3789 1149 3870; x_wconf 87' lang='lat' dir='ltr'>quae</span> 
     </span>
     <span class='ocr_line' id='line_1_29' title="bbox 154 3896 1162 4000; baseline 0.004 -36"><span class='ocrx_word' id='word_1_208' title='bbox 154 3908 208 3967; x_wconf 91' lang='lat' dir='ltr'>est</span> <span class='ocrx_word' id='word_1_209' title='bbox 232 3896 362 3996; x_wconf 65' lang='lat' dir='ltr'>virm,</span> <span class='ocrx_word' id='word_1_210' title='bbox 376 3912 418 3975; x_wconf 89' lang='lat' dir='ltr'>ut</span> <span class='ocrx_word' id='word_1_211' title='bbox 438 3898 547 3975; x_wconf 89' lang='lat' dir='ltr'>Stoici</span> <span class='ocrx_word' id='word_1_212' title='bbox 572 3898 763 3973; x_wconf 89' lang='lat' dir='ltr'>rectissime</span> <span class='ocrx_word' id='word_1_213' title='bbox 788 3911 938 4000; x_wconf 83' lang='lat' dir='ltr'>putant)</span> <span class='ocrx_word' id='word_1_214' title='bbox 963 3900 1063 3974; x_wconf 86' lang='lat' dir='ltr'>ullam</span> <span class='ocrx_word' id='word_1_215' title='bbox 1076 3897 1162 3997; x_wconf 73' lang='lat' dir='ltr'>xp-</span> 
     </span>
    </p>
   </div>
   <div class='ocr_carea' id='block_1_3' title="bbox 0 0 1312 4852">
    <p class='ocr_par' dir='ltr' id='par_1_3' title="bbox 0 0 1312 4852">
     <span class='ocr_line' id='line_1_30' title="bbox 0 0 1312 4852; baseline 0 2"><span class='ocrx_word' id='word_1_216' title='bbox 0 0 1312 4852; x_wconf 95' lang='lat' dir='ltr'> </span> 
     </span>
    </p>
   </div>
  </div>
 </body>
</html>
