2616 4852
163 359 230 452 146
502 373 672 422 errs'rona
698 375 807 420 ccxix.
938 368 969 416 a.
986 371 1021 417 v.
1040 370 1068 415 c.
1087 382 1133 431 ,οι

158 498 274 556 autem
300 480 356 553 die
374 505 454 552 cum
471 476 670 575 Ariarathe,
695 475 800 548 fratre
825 497 909 571 suo,
929 468 970 545 'et
996 498 1081 544 cum
1097 497 1158 572 pa·

156 609 263 682 ternis
290 606 427 704 amieis,
456 602 646 676 maioribus
678 614 782 699 natu,
809 597 855 671 ad
886 624 942 671 me
974 599 1012 670 in
1047 611 1158 671 castra

156 735 271 830 venit5
295 730 587 833 perturbatusque
613 742 649 800 et
673 725 777 824 ssens,
804 751 912 826 quum
928 723 1026 796 idem
1043 737 1080 796 et
1096 723 1160 797 fra·

156 873 210 932 ter
245 859 396 956 laceret,
427 871 462 930 et
488 857 613 953 amici,
645 877 759 926 meam
792 851 924 949 fidem,
955 864 1112 925 vestram
1130 853 1160 900 ¹⁶

156 985 500 1059 commendationem
524 981 712 1080 implorare
739 979 864 1078 coepit.
898 978 1020 1070 Quum
1053 976 1160 1049 admi·

155 1137 266 1210 rarer,
291 1110 376 1213 quid
401 1109 585 1183 accidisset
609 1108 709 1180 novi:
742 1104 850 1203 dixit,
880 1102 927 1177 ad
959 1129 996 1176 se
1030 1102 1161 1177 indicia

156 1237 418 1311 manifestarum
443 1235 649 1309 insidiarum
668 1248 696 1298 ¹7
724 1258 798 1305 esse
830 1228 961 1330 delata,
986 1253 1079 1330 qliae
1112 1254 1166 1302 es-

157 1376 235 1435 sent
270 1377 351 1435 ante
384 1362 575 1436 adventum
609 1385 727 1432 meum
760 1357 952 1455 occultata,
985 1354 1086 1456 quod
1116 1356 1166 1456 ii,

156 1490 282 1589 quiea
316 1489 512 1589 patefacere
545 1500 706 1588 possent,
737 1498 885 1585 propter
914 1496 1051 1555 metum
1083 1481 1163 1555 reti·

156 1614 332 1714 cuissent3
356 1641 399 1689 eo
425 1629 541 1687 autem
572 1628 747 1714 tempore,
781 1637 843 1711 spe
874 1610 944 1680 mei
976 1606 1159 1709 praesidii,

156 1740 355 1842 complures
381 1768 437 1841 ea,
462 1768 550 1843 quae
568 1742 714 1839 scirent,
738 1737 903 1811 audacter
928 1734 974 1808 ad
1000 1761 1038 1807 se
1064 1733 1155 1809 detu-

154 1864 254 1966 lisse;
284 1869 321 1940 in
353 1866 408 1943 his
443 1868 721 1942 amantissimum
754 1866 828 1964 sui,
860 1889 996 1936 summa
1028 1862 1152 1963 pietate

153 1992 375 2093 praeditum,
398 1994 557 2092 fratrem,
584 1994 698 2066 dicere
724 2018 779 2089 ea,
811 2017 900 2092 quae
923 1991 954 2062 is
979 2015 1037 2062 me
1073 2011 1151 2090 quo·

155 2143 225 2218 que
251 2119 415 2192 audiente
441 2119 597 2214 dicebat,
624 2145 660 2191 se
686 2117 898 2191 solicitatum
923 2142 1016 2215 esse,
1040 2129 1083 2188 ut
1105 2140 1151 2191 re·

156 2268 262 2339 gnare
287 2244 394 2319 vellet
400 2274 411 2346 5
435 2245 473 2318 id
498 2248 581 2320 vivo
614 2245 719 2317 fratre
752 2270 816 2318 suo
851 2242 1010 2317 accidere
1030 2244 1061 2293 ¹⁸
1087 2266 1151 2315 non

153 2370 329 2468 potuisse3
354 2398 391 2445 se
418 2387 537 2444 tamen
570 2385 651 2444 ante
685 2370 772 2444 illud
805 2385 944 2471 tempus
978 2395 1058 2442 eam
1086 2393 1152 2441 ren

153 2519 345 2596 numquam
370 2498 408 2570 in
439 2498 612 2597 medium,
648 2512 794 2599 propter
825 2495 974 2598 periculi
1006 2510 1151 2584 metum,

69 2704 71 2711 Ι
150 2623 346 2721 protulisse.
373 2626 473 2718 Quae
499 2652 606 2727 quum
640 2639 734 2698 esset
764 2623 922 2723 locutus,
943 2625 1079 2698 monui
1106 2649 1151 2696 re·

153 2775 248 2850 gem,
273 2764 314 2824 ut
339 2776 482 2824 omnem
500 2752 716 2850 diligentiam
741 2750 788 2824 ad
812 2777 850 2824 se
875 2749 1153 2824 conservandum

152 2876 352 2976 adhiheret3
377 2880 579 2978 amicosque
605 2879 714 2978 patris
750 2879 823 2950 eius
849 2891 954 2978 atquc
988 2879 1047 2952 avi
1071 2876 1152 2948 iudi·

151 3000 207 3074 cio
228 3018 258 3067 ¹9
296 3002 464 3103 probatos
500 3005 661 3077 hortatus
695 3031 789 3103 sum,
823 3005 912 3101 regis
945 3004 999 3076 sui
1032 3004 1153 3102 vitam,

153 3127 250 3200 docti
276 3154 358 3200 casu
384 3130 606 3205 acerbissimo
625 3132 735 3232 patris
761 3133 851 3230 eius,
877 3132 975 3203 omni
1000 3156 1086 3205 cura
1102 3155 1153 3202 cu·

153 3254 338 3356 stodiaquc
365 3255 600 3330 defenderent.
628 3260 747 3352 Quum
765 3284 826 3331 rex
843 3284 863 3330 a
880 3284 937 3330 me
963 3259 1155 3359 equitatum

56 3443 61 3452 .
153 3380 384 3483 cohortesque
411 3383 454 3454 de
480 3385 632 3456 exercitu
666 3411 745 3458 meo
779 3384 990 3486 postularet,
1017 3385 1086 3458 etsi
1109 3385 1155 3455 in-

153 3503 375 3606 telligebam,
407 3523 524 3582 vestro
563 3524 703 3584 senatus
732 3510 904 3603 ,consulto
941 3537 1017 3583 non
1050 3509 1154 3583 modo

152 3656 259 3730 posse
285 3658 342 3705 me
374 3635 412 3708 id
443 3635 572 3735 lacere,
605 3638 667 3712 sed
700 3640 806 3712 etiam
841 3637 984 3711 debere:
1019 3651 1154 3734 tamen,

97 3748 102 3763 ⁵
153 3782 261 3856 quum
287 3785 341 3831 res
367 3759 509 3860 publica
529 3763 742 3862 postularet,
766 3777 914 3865 propter
931 3764 1154 3864 quotidianos

152 3908 194 3953 ex
220 3883 320 3982 Syria
347 3889 508 3987 nuntios,
533 3905 573 3961 ut
600 3917 704 3991 quam
730 3893 884 3992 primum
901 3891 1094 3965 exercitum
1110 3888 1152 3967 ad
