2616 4852
530 119 567 167 ru
592 117 782 169 nrisroses
1085 97 1153 174 ³21

135 219 158 280 8
191 219 299 297 Quum
325 217 451 279 Rufioni
478 221 579 281 nescio
605 221 681 303 quid
707 220 934 283 controversiae
957 219 1063 283 fuine
1076 236 1160 284 cum

188 326 353 397 Vestorio,
372 326 472 408 inquit
491 327 662 399 Manutius,
682 325 833 387 arbitrum
854 335 1020 387 statuerent
1039 326 1160 388 Cicero-

184 453 277 504 nem,
304 443 339 492 ut
366 443 569 514 cognosceret.
599 433 717 494 Deinde
743 453 838 515 quum
867 432 1065 515 Sempronius
1089 454 1120 493 se
1140 455 1160 495 s

188 540 335 602 Vestorio
362 539 480 602 videret
509 540 666 602 observari
694 539 896 619 (observabat
923 551 1024 602 sutem
1047 541 1159 603 Vesto-

189 648 273 718 rius,
294 657 331 707 ut
356 649 381 706 si
406 647 584 708 Ciceronem
615 647 815 731 Sempronius
841 646 975 720 adiisset,
1003 649 1104 708 statim
1129 658 1160 708 et

190 755 256 836 ipse
278 765 464 827 accurreret,
483 754 753 837 transigendaeque
768 756 990 815 controversiae
1010 753 1160 814 arbitrum

178 871 346 921 moneret:
368 860 452 942 quod
472 861 564 922 Rufio
585 861 722 933 nolebat,
740 873 846 944 utpote
861 863 913 942 qui
927 881 958 922 se
971 881 1034 920 non
1043 859 1159 920 bonam

192 965 308 1027 babere
328 988 451 1028 eausam
475 968 687 1050 intelligeret),
707 967 862 1029 bominem
884 977 1094 1049 strategemate
1114 966 1159 1026 se·

191 1073 280 1135 fellit:
303 1094 376 1135 num
396 1075 435 1136 sd
456 1075 634 1136 Ciceronem
654 1096 717 1136 nou
736 1077 868 1137 accessit.
892 1074 938 1136 Cf.
957 1072 1052 1135 verbs
1072 1073 1159 1154 Rufio

197 1178 390 1253 Vestcrmnue
408 1203 456 1263 ep.
476 1182 647 1256 DCXClV,
668 1203 696 1244 2.
1209 1254 1211 1259 η

128 1305 162 1366 9
181 1286 316 1362 .Baulis,
334 1288 389 1349 ubi
409 1289 514 1352 villam
534 1287 679 1350 babuisse
708 1299 825 1350 constat
845 1309 881 1349 er
901 1287 1042 1350 Varrone
1061 1287 1097 1348 R.
1110 1287 1159 1363 tt.

190 1395 254 1468 lll,
278 1416 334 1476 ¹73
354 1398 407 1477 qui
427 1396 512 1456 locus
532 1397 617 1476 longe
640 1395 752 1457 dicits'sr
771 1395 891 1468 abesse,
910 1415 985 1478 prae
1003 1393 1159 1468 Puteolis,

193 1504 247 1585 qui
265 1504 393 1586 propius
412 1501 557 1581 aberent,
578 1502 633 1564 ubi
655 1501 747 1565 Rufio
767 1512 839 1564 erat.
1006 1517 1009 1524 “
1053 1544 1057 1556 ·
1086 1520 1088 1525 '

143 1620 195 1668 10
212 1610 377 1683 Nimirum,
398 1612 445 1670 vir
465 1621 574 1672 tentus.
599 1609 704 1671 Graec.
938 1614 941 1621 ’
1026 1617 1030 1625 ’

147 1721 190 1774 lt
213 1716 308 1778 didus
328 1715 522 1778 multitudiue.
1017 1753 1039 1785 ,-
1133 1756 1137 1764 ·

151 1833 202 1883 ¹2,
215 1822 267 1884 Sic
286 1823 453 1885 Lambinus
472 1834 505 1885 et
524 1823 637 1886 Scblitz
649 1821 824 1901 ediderunt{
844 1821 928 1908 quod
947 1824 1039 1884 etiam
1059 1820 1158 1882 Erne-

196 1933 267 1992 stiue
288 1930 449 2012 probabat.
469 1931 573 2013 Vulgo
589 1945 694 2014 postea
713 1933 782 1994 iane

154 2033 193 2096 13
210 2036 316 2098 Ambr.
341 2060 376 2119 17
402 2027 536 2122 ἀρἰηεα
561 2060 618 2100 suo
645 2040 750 2118 ῃιιΙὶας
777 2040 906 2100 aliorum
931 2037 1002 2099 libri
1028 2058 1158 2120 expense

191 2155 275 2205 esua
295 2145 382 2219 villo,
401 2152 491 2228 quein
506 2146 608 2207 locum
622 2147 672 2207 alii
684 2146 772 2207 aliter
785 2146 947 2208 emendare
957 2148 1060 2206 conati
1077 2154 1155 2205 sunt.

191 2250 306 2313 Victor.
328 2256 419 2335 quum
438 2275 485 2331 nae
504 2265 639 2335 spectans
659 2275 676 2313 e
696 2275 752 2315 sua
772 2255 856 2331 villa3
869 2253 994 2314 Corrad.
1009 2256 1099 2335 quum
1112 2271 1158 2310 me

190 2359 355 2441 imperares
374 2378 431 2420 eua
449 2361 543 2432 villar
562 2360 729 2421 Lambinus
754 2381 790 2421 ex
818 2381 882 2420 uno
908 2358 974 2420 cod.
994 2379 1086 2443 greum
1111 2379 1158 2416 me

190 2468 292 2527 extens
311 2488 329 2526 e
347 2486 403 2528 sua
422 2468 507 2540 villa,
533 2472 625 2550 quem
653 2468 811 2528 lectionem
837 2466 980 2527 Olivetus
998 2465 1157 2546 expressit3

190 2573 295 2634 Rosius
315 2595 408 2655 quum
433 2596 479 2634 me
506 2595 548 2637 ex
571 2575 688 2636 Parmae
707 2575 755 2636 sui
778 2574 863 2649 villa,
883 2568 1046 2632 Turnebus
1066 2591 1158 2652 quum

192 2701 234 2740 me
253 2701 350 2762 expes
368 2701 424 2742 sua
443 2682 528 2758 ville3
548 2681 659 2743 Sebiitz
684 2703 777 2763 quum
803 2701 848 2740 nee
868 2699 910 2741 ex
931 2679 1049 2738 Pansae
1077 2676 1157 2736 villa.

144 2823 152 2844 .
193 2787 297 2864 Quum
314 2787 400 2849 nulla
417 2809 455 2850 ex
473 2787 523 2851 bis
534 2788 773 2850 correctionibus
786 2786 984 2857 satisfaceret,
1001 2783 1157 2865 vulgatam

194 2891 351 2956 lectionem
370 2897 491 2957 retinui.
510 2894 665 2978 quuid
684 2896 804 2969 uellem,
824 2895 972 2975 rogasset,
992 2893 1034 2953 sic
1054 2891 1157 2972 sliquo

196 3001 354 3080 profecturi
375 3005 491 3064 amieos
510 3001 754 3085 alloquebantur.
783 3072 786 3076 ¹
909 3040 912 3049 ·
938 2983 940 2988 ⁵
969 3005 972 3010 '

175 3102 200 3178 ll
215 3106 339 3168 Gmmm
360 3107 418 3168 sibi
437 3108 543 3170 fecisse·
565 3107 729 3170 Rufionem
754 3108 861 3169 Cicero
886 3106 980 3179 dicit,
1008 3104 1092 3186 quod
1117 3103 1156 3165 de

200 3217 401 3276 controversia¹
415 3204 514 3276 audiri
534 3216 683 3288 noluerit,
703 3226 734 3276 et
753 3235 786 3276 se
805 3213 949 3275 audiendi
969 3212 1108 3273 molestia
1120 3210 1158 3271 li-

200 3312 350 3382 beraverit
372 3322 479 3384 Lemb.
502 3323 631 3384 laudari.

176 3416 203 3476 ¹5
217 3423 388 3512 Provinciae
400 3429 683 3506 cdministrendne3
703 3452 754 3513 ep.
771 3450 850 3512 sup..
863 3451 887 3490 r.

174 3522 201 3583 ¹6
219 3533 284 3609 Qui·
295 3536 342 3598 vel
362 3537 542 3610 ditescendi,
554 3539 602 3600 vel
615 3539 731 3599 diutius
743 3536 930 3619 imperandi,
943 3537 991 3596 vel
1005 3536 1065 3596 alia
1079 3555 1156 3615 qua-

202 3654 325 3724 cumque
344 3643 383 3704 de
403 3664 493 3706 ceusa
522 3648 694 3728 provincius
714 3645 772 3708 sibi
792 3645 953 3729 prorogari
978 3641 1157 3704 desiderant.

205 3755 305 3828 Cicer.
328 3770 369 3832 V.
391 3803 429 3815 -
453 3770 529 3832 Lett.
555 3771 590 3831 Τ.
612 3770 673 3832 IV.
998 3789 1031 3826 2¹
