2616 4852
251 365 292 410 12
575 355 747 404 urrs‘rom
773 358 939 408 ccxxxur.
1028 358 1057 405 i.
1078 361 1110 406 ν.
1130 361 1156 407 c.
1178 374 1224 422 7⁰²

245 461 544 562 expeditissimam
568 459 655 530 milri
680 458 881 557 tradideris,
912 460 1047 533 facilior
1073 465 1138 534 erit
1163 464 1253 535 mihi

244 591 344 691 quasi
371 587 537 660 decursus
562 589 632 658 mei
658 589 834 686 temporis.
870 585 968 678 Quid
993 590 1030 658 in
1056 616 1099 661 eo
1127 615 1253 687 genere

244 717 380 789 efficere
406 716 537 814 possis,
564 716 612 784 tui
641 714 775 786 consilii
803 729 863 785 est.
889 717 967 811 Ego
994 728 1045 813 te,
1064 717 1158 816 quod
1187 717 1253 788 tihi

244 843 363 916 veniet
387 842 424 912 in
449 855 603 913 mentem
629 866 707 912 mea
733 843 918 938 interesse,
936 841 1038 913 valde
1059 868 1152 938 rogo.
1173 843 1254 916 Plu·

243 968 340 1044 ribus
366 967 483 1041 verbis
509 968 555 1039 ad
581 982 615 1039 te
632 967 858 1066 scriberem,
887 971 915 1040 si
949 982 1009 1039 aut
1041 983 1099 1040 tua
1127 969 1252 1044 huma·

190 1130 192 1135 ·
243 1099 335 1169 nitas
361 1094 557 1194 longiorem
575 1096 772 1168 orationem
791 1108 1027 1194 exspectaret3
1045 1110 1106 1168 aut
1123 1095 1161 1171 id
1179 1097 1253 1168 fieri

242 1237 364 1296 nostra
390 1223 543 1295 amicitia
568 1236 765 1321 pateretur,
799 1236 861 1293 aut
892 1248 947 1294 res
980 1221 1088 1294 verba
1115 1200 1257 1294 deside:

243 1366 353 1450 raret,
380 1377 420 1423 ac
448 1375 521 1423 non
547 1375 614 1449 pro
641 1377 678 1422 se
704 1351 812 1448 ipsa?
840 1347 1048 1449 loqueretur.
1083 1350 1162 1421 Hoc
1193 1375 1254 1423 ve·

244 1479 309 1551 lini
332 1477 397 1550 tihi
422 1475 652 1577 persuadeas,
677 1478 707 1548 si
725 1474 920 1548 rationibus
937 1476 1024 1548 meis
1042 1477 1253 1575 provisum⁸

245 1631 320 1678 esse
345 1602 567 1702 intellexero,
592 1629 757 1702 maguam
782 1618 817 1676 te
844 1629 887 1675 ex
912 1628 955 1674 eo
982 1617 1018 1676 et
1043 1617 1253 1704 perpetuam

245 1731 466 1832 voluptatem
492 1755 566 1803 esse
593 1744 787 1831 capturum.
815 1728 915 1804 Vale.

628 1983 869 2057 ccxxxiv
1012 2026 1129 2081 (A...
1146 2026 1211 2085 v
1204 2029 1229 2082 ,

244 2165 467 2259 Argumentum.
492 2184 502 2222 1
529 2162 652 2233 Cicero,
674 2183 770 2243 quum
792 2182 827 2221 ex
849 2172 968 2222 senatus
989 2161 1111 2239 decreto
1131 2164 1159 2223 ei
1181 2183 1252 2246 pro-

284 2272 385 2331 vincia
404 2269 510 2329 Cilicia
531 2268 730 2350 obtigisset,
731 2271 864 2336 Atticum
891 2279 996 2349 rogat,
1024 2280 1059 2329 ut
1078 2268 1195 2342 videat,
1216 2291 1254 2330 ne

284 2388 426 2437 mutuum
447 2397 483 2437 er
503 2375 638 2437 absentia
660 2375 814 2435 Ciceronis
834 2375 1018 2436 desiderium
1040 2376 1118 2465 plus
1140 2378 1179 2437 sit
1199 2398 1252 2436 an-

283 2505 401 2560 nuum3
422 2504 440 2545 2
461 2484 499 2544 de
528 2485 617 2543 Annii
639 2481 793 2542 Saturnini
821 2460 852 2542 et
855 2480 974 2569 Oppii
1001 2483 1147 2564 negotiis3
1177 2483 1254 2544 tde

284 2591 322 2668 Q.
344 2589 444 2651 fratris
466 2611 535 2652 cum
556 2611 650 2681 uxore
670 2589 841 2673 Pomponia
866 2587 1004 2651 dissidiis.
1019 2588 1253 2665 dPostremo‚

284 2710 319 2759 ut
339 2698 482 2760 mandata
503 2709 604 2770 curet,
624 2701 708 2781 petit.

244 2897 320 2949 Scr.'
313 2915 340 2948 ιη
353 2897 456 3001 itinere,
470 2897 576 2951 fortasse
590 2897 741 2964 Minturnis,
755 2896 796 2950 vel
814 2896 892 2948 etiam
906 2895 1017 2965 Aquino
1024 2894 1054 2946 Α.
1062 2893 1096 2947 V.
1105 2893 1136 2948 C.
1150 2893 1256 2961 DCCll,

629 3000 687 3060 post
701 2991 771 3042 Nou
785 2989 874 3040 Maias.

558 3187 881 3285 normarum
908 3191 946 3252 s.

276 3458 279 3469 ,
301 3408 312 3453 ι
344 3383 421 3476 Ego
448 3404 533 3452 vero
559 3393 596 3451 et
613 3392 712 3451 tuum
730 3379 767 3450 in
787 3377 942 3451 discessu
959 3394 969 3428 ¹
992 3376 1066 3451 vidi
1084 3379 1261 3477 animum,

243 3520 281 3577 et
306 3522 418 3577 meo²
445 3531 524 3577 sum
550 3504 637 3605 ipse
652 3504 758 3578 testis.
786 3504 869 3595 Quo
895 3505 1006 3602 magis
1032 3505 1099 3577 erit
1124 3504 1193 3577 tibi
1210 3507 1262 3577 vi·

246 3630 417 3730 dendum,
443 3658 487 3703 ne
514 3632 600 3732 quid
632 3631 718 3704 novi
751 3629 986 3728 decernatur,
1024 3643 1064 3701 ut
1096 3629 1167 3702 hoc
1193 3656 1260 3705 no·

244 3769 354 3828 strum
382 3756 592 3830 desiderium
617 3783 662 3828 ne
687 3755 766 3858 plus
793 3757 838 3828 sit
864 3781 1020 3829 annuum
1039 3758 1063 3827 ³.

289 3911 316 3986 ,²
344 3884 397 3957 De
422 3885 538 3959 Annio
566 3882 788 3958 Saturninol
815 3885 942 3956 curasti
968 3883 1089 3984 probe.
1122 3885 1175 3956 ne
1201 3908 1252 3956 sa·
