2616 4852
534 380 571 427 ru
596 375 787 428 nrrsroms
1086 360 1158 453 403

194 483 288 543 etiam
308 475 504 552 Gebhardus,
525 480 577 560 qni
596 489 698 540 tamen
717 477 916 561 negligentiae
936 491 1049 542 recten
1064 483 1161 546 Grae·

195 591 248 651 rio
270 597 393 648 notatus
414 585 480 647 fuit.

156 695 196 774 46
218 696 282 756 Cur
301 715 363 756 non
382 693 760 775 senatusqueconsuitum?
780 693 863 770 Quia
885 693 1028 767 Senatus,
1048 716 1099 769 us,
1118 717 1157 757 an

197 801 340 874 Senatus,
360 801 373 862 i
390 800 515 873 faceret,
535 801 599 882 ipse
619 798 825 878 Quintilianus
838 799 1003 874 nesciebat,
1017 802 1047 874 l,
1060 801 1096 875 6,
1111 823 1156 884 27.

194 908 303 970 Plures
316 919 417 969 tamen
428 928 498 969 mss.
511 919 686 990 senatusque
699 905 821 968 habeut.
842 907 914 968 Mox
927 907 1010 968 Man.
1025 919 1055 968 et
1068 909 1159 972 Lam-

193 1014 286 1077 binus
306 1016 474 1076 omiserunt
482 1014 677 1096 prohibuerit,
699 1033 830 1095 quorum
843 1013 920 1075 alter
933 1017 1024 1076 etiam
1037 1018 1091 1096 qui
1101 1017 1157 1077 riu-

180 1175 182 1181 ,
192 1120 334 1205 pedierit,
352 1143 420 1182 eum
438 1134 571 1183 senatum
589 1121 823 1183 exutiumturum
843 1121 945 1183 edidit

155 1230 194 1311 47
216 1227 311 1302 idest,
329 1227 475 1312 perscribi
497 1227 544 1300 id,
566 1225 649 1310 quod
669 1229 701 1288 in
726 1229 962 1310 praesentiarum
990 1228 1088 1288 visum
1109 1239 1153 1289 est

196 1333 403 1408 senatoribus,
423 1333 533 1417 quibus
553 1333 692 1396 tribunus
712 1334 753 1416 pl.
768 1335 876 1416 aliquis
898 1336 1111 1406 intercesserit,
1127 1344 1157 1395 et

193 1452 370 1504 senatorum
390 1441 473 1503 iliam
486 1441 672 1508 voluntatem
694 1463 730 1502 ae
751 1441 896 1502 iudicium
918 1441 990 1502 alias
1011 1440 1050 1501 ad
1070 1461 1156 1502 sena-

192 1557 261 1608 tum
280 1547 405 1620 referri,
425 1558 460 1609 ut
479 1547 612 1608 solemne
633 1547 688 1608 SC.
709 1546 774 1607 fieri
795 1548 897 1629 possit.

154 1651 193 1731 48
212 1653 272 1714 Est
284 1675 302 1714 e
315 1655 500 1716 correctione
512 1651 635 1716 Vrsini?
645 1653 730 1715 Conf.
748 1675 795 1737 ep.
809 1654 920 1726 CCVI,
935 1673 961 1715 a.
982 1653 1053 1716 Mati
1067 1653 1154 1715 codd.
1254 1670 1257 1675 ’

195 1760 233 1822 V
229 1760 352 1833 inituim
372 1760 424 1822 sed
443 1761 562 1825 Vicinia
584 1780 654 1843 gens
674 1761 766 1822 nulla.
788 1762 871 1821 Tum
891 1781 1018 1842 sequens
1042 1782 1155 1822 nomen

192 1865 347 1948 integrum
368 1869 463 1928 estin
484 1878 616 1950 quatuor
629 1866 755 1940 Ambb,
775 1877 806 1927 at
826 1868 857 1927 in
877 1888 934 1927 sec.
957 1865 1056 1939 Corra,
1070 1869 1103 1926 in
1120 1868 1156 1944 ι4

192 1970 310 2045 Cornu,
328 1983 359 2034 et
378 1976 411 2034 in
434 1973 470 2034 15
484 1973 597 2048 .Corui,·
616 1994 652 2033 ex
673 1994 734 2056 quo
760 1993 823 2033 non
850 1975 952 2054 inepta
972 1971 1069 2033 videri
1097 1992 1155 2054 po-

192 2088 252 2141 test
271 2078 329 2140 lac.
350 2080 496 2141 Gronovii
517 2079 687 2142 observatio
702 2079 825 2162 legentis
840 2101 879 2141 ex
892 2079 977 2140 libris
1001 2078 1153 2166 Cornificii.

191 2185 369 2246 Cornelium
398 2184 481 2248 hunc
511 2186 666 2270 plebeium
698 2185 853 2247 hominem
880 2185 953 2246 dicit
977 2184 1154 2256 Manutius,

190 2313 290 2373 quum
309 2291 449 2354 tribunus
467 2293 509 2378 pl.
529 2294 629 2355 fuerit.

148 2401 193 2481 49
213 2399 267 2459 Sic
285 2397 452 2460 Ernestius.
472 2401 543 2461 Msti
563 2409 595 2462 et
613 2399 705 2482 vulgo
724 2414 799 2460 suut.
823 2399 885 2482 Qui
903 2419 1020 2472 eorum,
1039 2422 1097 2483 pro
1116 2399 1155 2459 dc

191 2506 245 2578 iis,
263 2505 323 2588 qui.
348 2506 495 2580 Emerita,
523 2509 640 2569 emeriti
667 2507 814 2590 stipendia
841 2507 965 2580 milites,
990 2510 1052 2567 sive
1076 2517 1155 2567 vete·

191 2614 260 2672 rani
280 2611 468 2687 dicebantur,
482 2615 534 2696 qni
552 2635 607 2697 per
625 2623 746 2697 tempus
765 2614 958 2696 praefinitum
970 2614 1153 2673 militassent.

192 2719 330 2801 Tempus
343 2731 444 2781 autem
465 2721 587 2782 videtur
606 2720 696 2782 fuisse
715 2740 774 2804 pro
793 2719 901 2780 militia
920 2719 1050 2802 pedestri
1070 2721 1154 2800 vige-

191 2827 302 2899 simus,
321 2847 380 2909 pro
400 2830 531 2911 equestri
552 2828 686 2889 decimus
706 2847 817 2902 annus;
839 2828 934 2887 Tacit.
955 2827 1030 2887 Ann.
1052 2827 1080 2898 1,
1102 2822 1154 2904 783

190 2933 261 2993 Liv.
281 2934 418 3007 XXVII,
445 2945 543 3011 113et
569 2933 740 3017 Schweigh.
768 2933 806 2994 ad
833 2931 943 3014 Polyb.
963 2933 1025 3004 Vl,
1049 2953 1099 3014 19,
1120 2951 1155 3008 ²3

190 3038 344 3113 Conture,
363 3038 406 3101 les
427 3040 545 3103 soldau
559 3042 697 3103 vetdrans
710 3043 742 3101 in
756 3042 807 3102 Ac.
821 3040 873 3101 des
893 3039 952 3100 las.
973 3048 1005 3100 et
1022 3038 1055 3098 B.
1076 3038 1153 3098 Lett.

189 3155 266 3205 tom.
286 3147 307 3223 4
325 3167 355 3229 p.
377 3145 444 3208 281.

145 3249 190 3312 50
209 3250 348 3314 Vacandi
362 3275 381 3314 a
393 3254 515 3327 militia,
535 3265 570 3316 ut
588 3253 746 3328 morbum,
766 3253 988 3326 infirmitatem,
1007 3251 1155 3315 valetudi-

188 3360 255 3431 nis',
282 3369 335 3420 aut
364 3360 497 3443 aliquam
524 3364 568 3424 rei
594 3362 775 3424 domesticae
803 3360 1022 3421 difficultatem.
1054 3359 1153 3418 Immo

188 3485 283 3527 causa
308 3466 424 3528 diotum
448 3469 507 3530 fuit
534 3471 634 3551 ipsum
653 3467 812 3540 morbum,
833 3479 863 3527 et
882 3467 1024 3546 camarii,
1045 3464 1154 3525 milites

188 3570 300 3633 morbo
320 3571 501 3637 laborantes.
521 3578 547 3637 Δ
567 3574 669 3636 multis
689 3573 774 3636 libris
794 3573 881 3634 abest
901 3586 961 3635 aut.

151 3679 185 3740 51
210 3679 255 3741 Vt
282 3691 512 3743 exauctorentur
537 3681 663 3744 honesta
689 3684 839 3742 missione.
863 3681 931 3741 Hoc
950 3678 1154 3748 addiderunt,

190 3795 225 3845 ut
245 3795 404 3848 veteranos
426 3789 576 3863 Caesaris,
596 3793 627 3851 iu
648 3787 758 3871 quibus
772 3790 936 3871 praecipue
956 3788 1034 3846 vires
1055 3791 1156 3853 erant,

188 3889 229 3952 ab
254 3900 292 3956 eo
317 3894 490 3961 alienarent.
517 3897 544 3960 I.
566 3897 605 3963 F.
631 3897 759 3962 Gronov.
784 3895 856 3958 Mox
876 3892 986 3956 umbb.
1008 3900 1076 3952 a'et
1100 3908 1155 3965 ra,
1225 3872 1228 3878 ¹
