2616 4852
176 370 242 442 ¹92
518 358 686 410 arrarum
714 361 832 409 ccxxv.
946 355 978 406 Δ.
997 361 1032 405 v.
1050 359 1081 407 c.
1100 371 1134 419 ,ω

169 493 244 540 esse
264 483 303 564 ¹7,
329 478 389 536 aut
414 465 473 564 qui
498 463 550 561 id,
575 463 672 563 quod
696 461 825 557 nolint,
850 460 1022 532 conficere
1050 487 1134 559 poss

70 658 71 661 ,
169 593 246 693 qui,
277 616 366 692 quae
400 589 568 688 cupiunt,
599 601 717 660 tamen
747 589 796 658 ita
826 585 948 682 frigide
974 600 1086 684 agunt
1096 614 1134 684 ,1

81 729 85 736 '
166 716 261 791 nolle
295 713 557 788 existimentur?
593 712 703 787 Novis
737 711 997 810 magistratibus
1031 726 1134 784 auten

167 844 197 915 si
221 840 424 916 Parthicum
449 837 581 910 bellurn
598 839 664 911 erit
670 894 681 936 ,
698 837 785 910 baec
803 824 906 909 causa
923 836 1059 938 primos
1075 863 1134 910 me

168 994 223 1041 ses
249 964 447 1064 occupabit.
472 964 533 1036 Sin
560 977 676 1035 autem
702 977 763 1035 aut
783 988 857 1035 non
873 964 985 1035 erit18
1001 962 1083 1035 istic
1099 961 1134 1036 bt

168 1093 261 1190 lum,
286 1105 348 1163 aut
372 1103 509 1162 tantum
526 1091 609 1188 erit,
624 1104 665 1161 ut
681 1115 762 1186 vos,
780 1103 841 1161 aut
856 1115 1076 1163 successores
1093 1115 1134 1190 pa

166 1220 219 1293 vis
253 1216 383 1290 additis
414 1198 526 1316 copiis
544 1192 726 1290 sustinere
752 1216 904 1315 possint,
929 1215 1120 1288 Curionem

159 1341 268 1416 ,video
294 1367 331 1413 se
358 1340 543 1442 dupliciter
575 1341 807 1437 iactaturum,
839 1340 1014 1438 primurn,
1040 1354 1082 1412 ut
1105 1339 1134 1413 al

165 1467 251 1570 quid
276 1467 419 1541 Caesari
444 1466 600 1565 adimat,
632 1466 732 1565 iude,
763 1480 804 1538 ut
836 1463 967 1567 aliquid
991 1466 1134 1566 Pompei

166 1594 314 1692 tribuat,
340 1592 501 1695 quidvis,
534 1591 726 1694 quamlibet
753 1606 879 1689 tenue,
910 1590 1134 1663 munusculut

18 1782 23 1791 .
63 1805 65 1811 y
162 1717 304 1793 Paullus
342 1745 448 1818 porro
466 1735 496 1767 ²⁰
532 1744 605 1791 non
636 1718 787 1790 humane
820 1717 864 1789 de
898 1718 1084 1818 provincia
1113 1715 1134 1789 li

162 1846 289 1947 quitur.
315 1846 428 1918 Huius
454 1843 639 1944 cupiditati
664 1869 870 1918 occursurus
896 1856 949 1914 est
968 1843 1134 1916 Furnius*

159 1986 289 2045 noster.
315 1970 437 2043 Plures
463 1971 631 2071 suspicari
655 1997 728 2044 uon
754 1994 907 2070 possum.
933 1969 1032 2043 Haec
1057 1969 1134 2042 novi

159 2096 242 2195 alia,
269 2121 359 2198 quae
384 2110 535 2195 possunt
560 2095 733 2195 accidere,
757 2120 832 2168 non
857 2119 963 2167 cerno
980 2111 1022 2166 ²².
1051 2093 1134 2176 Muli

157 2235 296 2321 tempus
329 2220 470 2318 afferre,
506 2235 541 2293 et
575 2236 781 2322 praeparata
806 2233 942 2293 mutare
967 2235 1003 2293 te
1029 2246 1134 2321 persp

157 2362 235 2420 cere
261 2347 334 2419 scio
352 2349 403 2445 ²³5
419 2347 481 2419 sed
507 2348 599 2420 intra
624 2351 711 2420 fines
736 2348 817 2447 hos,
842 2347 1084 2448 quaecumque
1109 2371 1134 2418 a«

157 2467 312 2584 ¹ciderint
323 2528 334 2573 ,
358 2487 549 2547 vertentur.
583 2473 676 2579 Illud
701 2473 794 2546 addo
821 2473 1048 2546 ad‘actiones
1065 2472 1134 2546 ²4<

156 2599 338 2697 Curionis,
364 2599 408 2671 de
433 2593 517 2698 agro
535 2602 732 2707 Campano:
760 2598 804 2672 de
830 2625 900 2701 quo
926 2614 1059 2698 negant
1079 2594 1134 2673 Cai

156 2752 268 2797 sarem
292 2725 471 2825 laborare,
496 2726 559 2798 sed
581 2707 790 2826 Pompeium
815 2724 919 2800 valde
945 2725 1041 2825 nolle
1059 2729 1134 2824 ²⁵,n

154 2878 284 2924 vacuus
310 2850 513 2926 advenienti
539 2852 678 2956 Caesari
704 2865 832 2952 pateat.

205 2977 226 3047 3
254 2976 362 3066 Quod
388 2976 434 3057 ad
460 2984 572 3050 tuum'
585 2978 769 3050 decessum
782 2980 813 3028 ²⁶
832 2978 973 3075 attinet,
989 2977 1082 3053 illud
1098 2976 1134 3057 til

153 3125 226 3172 non
251 3126 396 3199 possum
423 3102 598 3201 polliceri,
623 3130 679 3175 me
706 3118 925 3201 curaturum,
941 3118 982 3176 ut
1003 3104 1070 3177 tibi
1088 3131 1134 3177 sui

153 3223 325 3297 cedatura
338 3225 425 3298 illud
451 3242 545 3299 certe
571 3229 778 3328 praestabo,
794 3255 839 3301 ne
865 3230 1016 3329 amplius
1029 3246 1062 3296 ²⁷
1081 3257 1134 3330 pr<

151 3363 300 3447 rogetur.
324 3351 409 3424 -Tui
444 3352 580 3426 consilii
613 3369 684 3453 est,
716 3357 747 3428 si
781 3370 937 3455 tempus,
961 3357 991 3429 si
1018 3371 1134 3429 senatu

153 3488 275 3571 coget,
309 3477 339 3547 si
371 3477 518 3551 honeste
544 3507 564 3551 a
590 3480 695 3554 nobis
727 3482 879 3557 recusari
903 3507 977 3554 uon
1003 3482 1134 3582 poterit

47 3648 50 3656 »
153 3597 284 3703 ῩΘΙίειιθ
309 3627 553 3701 perseverare:
579 3607 649 3678 mei
675 3606 781 3679 officii
805 3621 859 3680 est
876 3608 919 3704 ²⁸,
936 3592 1134 3678 meminisse

151 3751 218 3824 qua
246 3725 480 3803 obtestatione
507 3731 680 3809 decedens
706 3732 810 3835 mihi,
827 3759 872 3805 ne
896 3745 1040 3835 'paterer
1065 3734 1134 3804 fiet

151 3850 336 3953 mandaris.
1024 3862 1028 3869 ’
1080 3861 1084 3869 ’
1128 3868 1134 3872 ”
