2616 4852
158 320 229 416 234
474 340 650 392 srrsrona
671 341 833 389 ccxxxvi.
934 337 966 386 1.
984 341 1018 388 v,
1035 340 1064 386 c.
1081 351 1124 400 οη

156 444 432 520 coniunctiorem
468 441 588 516 feceris
600 498 610 540 ,
648 455 756 543 tuque
792 442 867 539 ipse
904 453 942 511 et
974 465 1020 511 ex
1053 439 1147 511 huius

156 571 396 670 observantia,
428 569 614 668 gratissimi
644 567 796 640 hominis
808 622 820 665 ,
851 580 954 639 etex
979 566 1149 640 sociorum

159 700 299 800 gratia,
317 697 500 770 hominum
530 694 840 796 amplissimorum,
868 693 1064 766 maximum
1086 692 1152 766 fru-

160 840 258 899 ctum
282 825 415 924 capies,
432 836 468 896 et
483 848 541 895 me
557 846 694 895 summo
719 821 891 894 beneficio
915 819 1083 893 affeceris.
1098 819 1152 892 Sic

161 954 255 1025 enim
287 950 392 1026 velim
424 951 620 1047 existimes,
651 974 695 1020 ex
727 962 801 1021 tota
838 960 898 1021 tua
931 943 1114 1048 Provincia
1128 943 1152 1048 ⁵,

160 1078 326 1178 omnique
350 1077 418 1148 isto
441 1076 607 1174 impcn’o,
631 1073 717 1147 nihil
741 1098 833 1172 esse,
858 1073 957 1174 quod
979 1074 1065 1148 mihi
1082 1101 1152 1173 gra·

160 1205 229 1276 tius
252 1203 364 1276 facere
389 1200 511 1302 possis.

519 1452 773 1528 CCXXXVII.
873 1493 930 1552 (aa
946 1493 1000 1540 mv.
1015 1494 1126 1554 xnr‚9)

157 1633 378 1712 Argumentum.
398 1631 584 1714 Crassipedi,
603 1629 763 1713 Bithyniae
784 1632 949 1713 quaestori,
961 1630 1143 1712 Bithynicam

159 1764 160 1768 ¹
198 1738 432 1821 publicanorum
462 1740 655 1811 societatem,
685 1740 717 1798 in
747 1739 914 1820 primisque
939 1736 996 1798 Cn.
1022 1737 1139 1819 Pupium

197 1844 395 1907 commendat

322 2053 377 2108 ses.
394 2054 421 2105 in
438 2010 543 2119 Cilicia,
560 2060 591 2108 111
606 2051 726 2120 ridetur,
743 2052 775 2105 t.
787 2049 823 2105 V.
839 2051 868 2105 C.
888 2050 991 2105 neon.

295 2250 339 2315 tt.
368 2250 404 2315 Τ.
431 2249 575 2316 CICERO
604 2249 833 2316 CRASSIPEDI
860 2249 890 2314 S.
917 2249 952 2315 P.
979 2250 1019 2315 D.

208 2465 430 2566 Quamquam
456 2464 521 2538 tibi
545 2491 711 2565 praesens
736 2464 998 2565 commendavi,
1025 2480 1065 2540 ut
1086 2487 1134 2565 po-

156 2593 209 2664 tui
235 2591 511 2691 diligentissime,
536 2593 651 2666 socios
676 2593 862 2692 Bithyniae
876 2608 907 2692 ¹3
923 2605 1030 2694 teque
1047 2615 1136 2695 quun

155 2743 234 2791 mea
260 2719 590 2818 commendatione,
621 2733 698 2792 tum
730 2720 835 2792 etiam
863 2733 924 2792 tua
948 2734 1076 2818 sponte
1098 2719 1138 2791 in·

156 2844 273 2918 tellexi
305 2870 433 2946 cupere
466 2847 499 2918 ei
531 2846 712 2948 societati,
744 2844 1021 2949 quibuscumque
1051 2844 1139 2918 rebus

156 2991 300 3070 posses,
336 2971 581 3046 commodare:
614 2985 753 3071 tamen,
784 2998 892 3075 quum
925 2973 973 3070 ii,
1006 2994 1141 3074 quorun

155 3121 212 3168 res
245 3097 358 3194 agitur
374 3113 399 3195 ²,
432 3099 551 3196 magni
588 3125 650 3172 sua
681 3099 850 3173 interesse
883 3097 1141 3191 arbitrarentur,

156 3243 222 3293 me·
247 3222 352 3293 etiam
381 3246 445 3322 per
475 3223 593 3298 literas
626 3224 802 3299 declarare
826 3224 913 3322 tibi,
949 3249 1018 3324 qua
1045 3245 1141 3297 essen

157 3371 237 3444 erga
269 3348 367 3447 ipsos
398 3349 599 3450 voluntate,
631 3373 704 3424 non
737 3351 895 3424 dubita-vi
928 3349 1017 3422 haec
1050 3348 1140 3423 ade

157 3472 316 3548 scribere.
336 3475 430 3550 Volo
456 3478 549 3549 enim
573 3491 609 3551 te
628 3479 846 3574 existimare,
866 3501 939 3574 me,
957 3501 1067 3577 quum
1081 3471 1139 3545 uni·

156 3624 259 3673 verso
276 3600 392 3673 ordini
407 3602 677 3703 publicanorum
700 3629 837 3703 semper
852 3602 1078 3675 libentissime
1093 3597 1136 3670 tri·

154 3722 288 3798 buerim
303 3730 328 3825 3,
345 3726 451 3830 idque
476 3732 610 3828 magnis
636 3731 710 3802 eius
735 3729 868 3804 ordinis
892 3754 974 3826 erga
997 3753 1056 3799 me
1078 3747 1133 3797 rne-

154 3851 229 3924 ritis
253 3853 364 3928 facere
391 3855 587 3956 debuerim,
604 3871 679 3932 tum
699 3857 736 3929 in
760 3855 881 3957 primis
908 3855 1058 3928 amioum
1073 3870 1130 3922 esse
