2616 4852
524 351 563 400 iu
588 346 780 400 saissonis
1028 393 1031 399 .
1085 326 1157 420 433

140 451 181 529 43
203 450 348 534 Gymnas,
366 451 438 534 quia
459 449 525 534 lege
545 451 581 513 P.
603 450 702 512 Clodii
723 449 877 533 profectus
898 450 928 511 in
943 469 1011 512 eam
1026 451 1159 513 insulam

183 558 263 619 Cato
284 560 320 618 A.
341 558 380 619 V.
402 557 437 618 C.
457 539 699 640 ncxcvreg‘is
726 557 896 619 Ptolemaei
920 559 1082 620 maalmam
1104 579 1160 641 pe-

182 667 293 726 cuniae
306 667 371 728 vim
384 668 417 726 in
437 666 588 726 aetatium
602 665 745 726 contulit:
767 663 961 747 Cappadocia
981 686 1065 738 vesu,
1085 667 1159 746 quia

181 774 249 833 eius
265 792 373 854 negem
386 771 620 834 Ariobarzanem
634 771 829 834 vehementer
842 771 998 854 diligebat.
1010 771 1088 838 Mos
1101 792 1158 832 au·

180 890 244 940 tem
264 878 340 951 suit,
360 890 395 940 ut
415 899 548 961 quorum
569 899 664 961 opera
683 881 768 939 natio
781 879 885 961 aliqua
897 880 929 939 in
942 878 1051 963 populi
1065 877 1158 938 Rom.

181 997 367 1069 potestatem
387 989 537 1060 venisset,
556 1006 665 1048 eorum
685 988 717 1048 in
738 986 875 1050 clientela
895 996 1045 1069 perpetuo
1071 994 1159 1049 esset.

182 1091 265 1155 Vide
285 1093 472 1156 Manutium.

140 1198 182 1277 44
200 1200 363 1262 Manutius
382 1199 545 1283 legendum
565 1198 900 1284 punctionum,
920 1198 974 1265 sed
998 1198 1159 1263 Emestius

181 1305 261 1368 vidit
280 1305 344 1368 hoc
371 1307 476 1368 referri
503 1307 544 1367 ad
572 1307 718 1370 formulas
747 1307 814 1372 illas
842 1309 919 1368 iusta
949 1307 1068 1368 victoria
1090 1307 1160 1388 (ep.

181 1413 364 1488 ccxxvi,
384 1416 420 1494 α)
441 1415 533 1476 intus
552 1416 714 1498 stampas.
736 1419 800 1499 (ep.
821 1415 952 1488 nstv,
972 1415 1018 1494 3).
1040 1413 1160 1474 solita.
1275 1400 1284 1419 ·

179 1520 266 1582 Male
291 1521 398 1604 paullo
428 1543 521 1604 supra
546 1532 607 1582 tres
632 1521 744 1582 Ambb
763 1544 791 1603 g.
812 1522 924 1584 virtutis
949 1519 1162 1594 adiunxerim3

180 1638 213 1689 et
233 1627 320 1689 infra
340 1631 443 1716 statim
462 1650 544 1691 unus
561 1629 688 1691 omtioni
705 1649 825 1691 meae.
1017 1684 1019 1691 .

141 1731 182 1812 45
201 1734 354 1808 Mittam,
372 1745 530 1819 tamquam
556 1735 713 1818 legatum,
740 1737 794 1818 qni
824 1754 897 1799 mea
920 1753 1014 1797 causa
1033 1741 1064 1796 ta
1084 1741 1159 1797 onst.

179 1840 300 1902 Paullo
319 1841 403 1905 Infra
420 1841 488 1905 edd.
508 1843 667 1925 aliquota
685 1841 757 1904 deis
875 1898 878 1905 .

141 1945 183 2024 46
203 1946 286 2009 Otio
307 1958 341 2009 et
358 1947 506 2022 desidiae,
526 1949 627 2010 forum
654 1969 751 2032 remp.
775 1949 871 2009 aciem
899 1949 1037 2031 opponit.
1058 1945 1164 2010 Aciem

179 2065 294 2117 autem
314 2074 372 2137 pro
394 2076 512 2115 summa
540 2058 733 2117 contentione
757 2058 868 2138 posuit.
894 2055 1012 2117 Manat.
1043 2053 1095 2115 Sic
1112 2053 1162 2116 de

180 2172 249 2244 opt.
272 2183 343 2244 gen.
364 2183 409 2223 or.
429 2161 463 2224 6:
484 2162 526 2224 In
544 2165 609 2224 acie
629 2175 762 2224 venatur
779 2174 808 2223 et
819 2161 914 2245 fimo.
935 2163 977 2223 M.
999 2161 1106 2224 Cicero
1131 2171 1163 2223 et

169 2269 266 2330 Cato
289 2271 383 2351 primi
403 2269 487 2333 locos
515 2291 624 2352 graves
645 2292 680 2332 ex
708 2269 940 2353 philosophia
932 2292 964 2332 in
992 2268 1111 2330 iudiciis
1132 2280 1163 2332 et

181 2375 391 2437 concionibus
411 2376 582 2454 adduxere·
586 2377 672 2443 vide
692 2380 888 2461 prooemium
910 2375 1150 2466 Paradoxonun

144 2482 180 2564 47
203 2483 344 2564 Negavit
375 2494 492 2561 tamen3
523 2506 592 2568 epp.
626 2484 801 2560 CCLXV13
833 2459 1056 2559 CCLXXXIV,
1082 2483 1104 2562 4
1134 2492 1165 2545 et

183 2589 362 2693 CCXCIII,
381 2589 411 2652 6.
432 2591 549 2653 Manat.

565 2805 759 2867 CCXXXIX.
867 2862 869 2869 ,

155 3039 164 3078 1
187 3018 315 3083 Eorum
337 3020 518 3104 etiam„qui
539 3040 574 3082 ex
587 3021 710 3083 ¹familia
729 3029 829 3083 vestra
850 3021 882 3081 in
902 3020 976 3080 alias
1001 3015 1166 3102 adoptione

188 3129 388 3189 transierunt.
408 3129 555 3211 Designat
574 3131 705 3190 maxime
727 3129 782 3188 Cn.
803 3127 981 3189 Cornelium
1000 3127 1166 3189 Lentulum

191 3233 426 3308 Marcellinum,
446 3234 485 3297 de
506 3256 568 3316 quo
589 3257 636 3321 ep.
656 3236 758 3308 XCII,
775 3257 806 3304 ,1.
827 3234 946 3297 Munut.

163 3355 176 3395 a
196 3337 341 3415 Genesis,
352 3340 430 3404 idest
443 3344 549 3425 gentis.
569 3342 616 3403 Ex
630 3353 719 3425 gente
733 3353 835 3404 autem
849 3341 977 3403 Claudia
990 3350 1085 3404 erant.
1105 3338 1168 3404 Νο-

196 3447 297 3521 minis,
316 3446 466 3523 familiae,
491 3460 527 3510 ut
552 3448 681 3512 videtur.
706 3448 785 3512 Edd.
806 3449 862 3512 Ro
884 3449 961 3512 lens.
989 3449 1113 3513 auncinis
1131 3467 1169 3510 ac

199 3554 317 3629 pneris.

171 3654 235 3726 ila
252 3681 314 3729 mc
320 3661 478 3736 ornando,
498 3673 534 3725 ut
554 3685 588 3727 ex
610 3664 690 3727 inira
710 3664 797 3726 dictis
818 3663 1009 3748 intelligitur
1101 3633 1113 3671 ⁵

172 3760 296 3832 4lllulti
310 3765 383 3828 libri
406 3770 451 3829 sit.

172 3863 190 3937 ,5
207 3868 287 3946 Quas
307 3872 432 3955 publice
451 3878 536 3954 misi;
549 3899 604 3960 ep.
625 3877 761 3944 CCXIX.

210 3991 313 4062 Clota.
336 3998 380 4062 V.
399 4035 441 4048 -
463 4001 539 4065 Lett.
565 4005 598 4065 Τ.
620 4004 680 4068 JV.
970 4001 1011 4064 28
