2616 4852
167 305 237 396 aad
491 323 661 372 urrsroua
686 325 833 372 ccxxxii.
939 323 970 372 Δ.
990 327 1024 372 v.
1043 325 1100 387 α,

94 504 97 511 ,
165 427 317 500 declarat
330 482 345 524 ‚2
378 426 473 526 quod
510 426 600 498 ultro
638 427 670 496 ei
708 424 889 497 detulerim
927 424 1100 522 legatione

165 570 304 654 quum²
329 552 447 624 multis
473 552 672 650 petentibus
699 550 922 648 denegassem
930 578 940 648 3
977 565 1100 626 tumv

163 693 286 778 postea
320 703 424 778 quam
456 703 594 749 mecum
628 678 664 746 iu
697 675 789 747 bello
816 688 921 776 atquc
945 677 982 748 in
1009 703 1048 749 re
1073 704 1100 749 n

163 804 228 876 tati
254 804 334 899 luit,
360 816 494 875 tantam
519 803 555 873 in
581 828 622 873 eo
651 803 831 899 virtutem,
858 802 1100 902 prudentiam,

163 929 260 1026 dem,
277 944 480 1029 tantamque
506 952 585 1025 erga
611 954 667 998 me
691 926 965 1000 benivolentiam
992 955 1100 1027 cogno

162 1066 202 1124 ut
227 1053 405 1125 hominem
437 1054 612 1124 neminem
648 1051 756 1152 pluris
789 1053 922 1125 faciam.
959 1056 1097 1126 Eume

161 1179 337 1251 Sardianis
363 1178 490 1251 habere
517 1180 790 1252 controversiam
814 1180 897 1252 scis:
927 1206 1071 1251 causam
1095 1194 1100 1248 1

162 1307 382 1404 exposuimus
408 1305 558 1404 Eplresi3
591 1332 696 1405 quam
721 1318 760 1376 tu
785 1319 903 1377 tamen
929 1302 1051 1378 coram
1074 1306 1100 1377 fa

159 1432 225 1504 lius
251 1432 440 1532 meliusque
465 1439 654 1529 'cognosces
672 1433 696 1502 ³.
721 1433 774 1503 De
800 1432 932 1532 reliquo
958 1432 1100 1528 mihi‚r

160 1557 316 1656 hercule,
343 1558 402 1629 diu
428 1557 574 1629 dubium
597 1558 676 1657 fuir,
694 1556 779 1657 quid
803 1557 908 1646 adlte
934 1559 1100 1655 potissimi

75 1758 78 1764 ,
160 1684 354 1756 scriberem.
380 1686 438 1756 Ius
464 1685 557 1756 enim
581 1683 876 1784 quemadmodum
895 1683 1004 1780 dicas,
1024 1670 1100 1755 clun

56 1872 69 1882 „
159 1823 195 1881 et
220 1836 343 1907 magna
371 1837 450 1881 cum
476 1825 535 1881 tua
560 1808 663 1880 laude
687 1825 811 1881 notum
829 1823 890 1882 cst.
907 1808 1020 1882 Nobis
1038 1822 1100 1881 aut

157 1934 286 2007 iuliae
313 1962 415 2008 causa
441 1935 528 2007 nihil
554 1935 647 2007 aliud
673 1961 761 2035 opus
787 1950 854 2032 cst,
872 1937 940 2008 nisi
966 1949 1001 2007 te
1026 1936 1080 2007 ius

158 2062 280 2133 stituto
307 2074 369 2132 tuo
395 2061 519 2133 dicere.
549 2061 620 2153 Sed
646 2075 762 2133 tamen
789 2088 895 2162 quum
921 2086 977 2133 me
1003 2087 1100 2134 non,

158 2188 245 2283 giu,
262 2199 391 2286 quanta
410 2188 507 2259 sitin
532 2201 693 2286 praetore
719 2189 921 2284 auctoritas,
947 2200 1100 2288 praesert

156 2310 222 2382 ista
246 2312 443 2408 integritate
451 2369 460 2409 ,
486 2313 671 2411 gravitate,
697 2313 895 2411 clementia,
921 2341 990 2414 qua
1016 2327 1051 2386 te
1076 2340 1100 2387 er

155 2435 247 2507 inter
265 2416 267 2423 ¹
282 2461 402 2509 omnes
441 2451 598 2510 constat:
635 2453 720 2539 peto
754 2439 902 2537 abste,
934 2465 1002 2540 pro
1031 2453 1100 2512 nost

156 2562 438 2636 coniunctissima
472 2565 743 2662 necessitudine,
776 2565 1003 2665 plurimisque
1029 2566 1100 2638 offic

155 2688 296 2786 paribus
323 2716 363 2761 ac
388 2691 535 2788 mutuis,
560 2705 599 2762 ut
624 2691 821 2787 voluntate,
841 2694 1063 2788 auctoritate,
1079 2704 1100 2762 st

155 2814 213 2885 dio
240 2828 301 2886 tuo
327 2818 502 2914 perficias,
528 2830 567 2887 ut
592 2819 637 2888 Μ.
664 2819 817 2889 Anneius
842 2817 1028 2915 intelligat7
1053 2831 1086 2888 te

154 2939 219 3010 sibi
246 2942 396 3011 amicum
422 2967 495 3014 esse
522 2943 639 3042 (quod
664 2969 738 3014 non
764 2943 912 3014 dubitat:
932 2970 1037 3042 saepe
1056 2943 1100 3014 em*

154 3090 290 3135 meeum
316 3063 452 3138 loeutus
479 3080 559 3165 est),
584 3083 619 3139 et
643 3069 753 3140 multo
772 3071 972 3141 amiciorem
991 3070 1044 3141 his
1060 3096 1100 3140 mr

152 3187 261 3260 literis
298 3216 372 3262 esse
408 3192 547 3264 fuctum.
584 3196 627 3265 In
659 3209 721 3268 tuo
754 3209 829 3268 toto
861 3197 1010 3294 imperio
1043 3210 1100 3296 atq⁴

154 3317 333 3413 pruvincia
359 3316 445 3390 nihil
470 3332 537 3416 est⁷
563 3320 659 3420 quod
683 3321 768 3392 mihi
792 3323 920 3418 gratius
938 3323 1051 3394 facere
1065 3348 1100 3421 pe

153 3439 208 3511 sis.
234 3442 325 3538 Iam,
351 3444 445 3541 apud
469 3447 584 3544 ipsum
611 3449 841 3545 gratissimum
866 3447 1061 3544 hominem,
1087 3473 1100 3516 a

64 3556 66 3565 ἱ
153 3591 219 3662 que
252 3569 423 3665 optimum
460 3572 595 3670 virum,
634 3601 738 3674 quam
769 3574 858 3645 bene
892 3575 1100 3671 posituruss

152 3691 305 3764 studium
339 3708 436 3768 tuum
470 3713 572 3799 atque
605 3700 776 3798 officium,
811 3699 969 3772 dubitare
1001 3714 1036 3771 te
1065 3719 1100 3769 uu

151 3816 318 3890 existimo.
