2616 4852
171 275 258 390 168'
486 325 657 378 narsrora
684 328 807 377 cexxn.
941 327 1023 379 nv.
1042 331 1070 378 c.
1089 346 1134 392 7⁰2

166 435 263 530 dem,
289 430 405 534 quod,
437 459 544 533 quum
568 458 625 504 me
649 431 860 505 Laodiceam
886 435 1006 506 venire
1036 435 1157 510 voluis

164 587 235 661 ses,
259 560 414 632 Taurum
440 559 514 658 ipse
547 559 722 631 transisti?
754 536 866 659 quod
882 559 1008 632 iisdem
1038 560 1157 636 diebus

162 711 260 758 meus
287 699 480 759 conventus
506 698 581 757 erat
598 686 627 733 ³⁰
653 685 847 784 Apameae,
872 686 1067 786 Synnadis,
1084 688 1160 762 Phi-

161 811 298 912 lomeli,
322 825 403 883 tuus
428 810 551 884 Tarsil
575 811 657 886 Non
684 810 800 884 dicam
824 810 940 913 plura,
956 839 1002 885 ne
1010 869 1020 912 ,
1036 815 1075 885 in
1093 840 1157 915 quo

162 955 198 1013 te
224 938 421 1037 obiurgem,
446 938 484 1009 id
508 940 623 1038 ipsum
637 942 665 989 ³¹
685 938 806 1012 videar
829 939 967 1012 imitari.
993 938 1090 1012 Illud
1114 940 1159 1019 di·

163 1091 257 1164 cam,
282 1078 322 1136 ut
346 1064 476 1136 sentio:
509 1066 538 1136 si
570 1066 652 1163 ista,
685 1090 774 1165 quac
806 1063 892 1139 alios
924 1063 1025 1166 loqui
1052 1065 1158 1164 dicis,

161 1193 237 1291 ipse
262 1191 386 1289 sentis,
411 1204 470 1262 tna
496 1215 631 1261 summa
656 1188 759 1289 culpa
785 1204 855 1289 est,
879 1190 933 1264 sin
958 1202 1079 1262 autem
1105 1190 1158 1263 alii
1189 1240 1190 1244 =

161 1331 279 1391 tecum
302 1315 389 1388 baec
414 1315 623 1416 loquuntur,
654 1330 714 1387 tua
747 1329 886 1416 tamen,
916 1315 1015 1417 quod
1039 1315 1158 1414 audis,

144 1443 265 1544 vculpa
301 1441 468 1514 nonnulla
502 1456 562 1515 est.
602 1443 681 1514 Mea
713 1442 803 1514 ratio
835 1443 872 1515 in
906 1456 982 1514 tota
1008 1442 1159 1516 amicitia

161 1583 281 1642 nostra
299 1582 464 1643 constans
481 1581 517 1639 et
534 1568 647 1667 gravis
664 1568 862 1667 reperietur.
882 1567 992 1659 Quod
1009 1569 1039 1640 si
1058 1568 1119 1668 qni
1130 1570 1158 1618 ³¹

158 1722 216 1769 me
242 1696 445 1768 astutiorem
469 1695 586 1792 fingit:
612 1693 697 1794 quid
718 1708 837 1792 potest
860 1720 934 1767 esse
959 1693 1108 1767 calidius
1120 1695 1160 1793 ³³,

161 1848 289 1922 quam,
322 1847 430 1921 quum
466 1835 503 1894 te
537 1819 717 1892 absentem
750 1846 888 1921 semper
922 1820 1158 1920 defenderim,

81 1983 84 1988 ·
159 1973 266 2048 quum
298 1947 502 2045 praesertim
534 1945 620 2017 mibi
652 1972 717 2017 usu
749 1961 936 2018 venturum
968 1973 1043 2019 non
1069 1947 1158 2019 arbi·

157 2086 287 2171 trarer,
311 2086 352 2143 ut
376 2098 441 2170 ego
475 2097 613 2172 quoque
647 2071 771 2143 absens
804 2097 823 2142 a
856 2085 891 2143 te
917 2037 1161 2146 defendendus

158 2223 288 2295 essem,
323 2222 418 2268 nunc
453 2198 672 2269 committere
688 2198 737 2297 ³4,
769 2212 810 2269 ut
843 2210 881 2269 tu
915 2199 990 2270 iure
1021 2201 1157 2298 optimo

156 2348 214 2409 me
240 2321 419 2396 absentem
446 2323 603 2395 deserere
629 2322 768 2422 possesl
789 2324 909 2397 Vnum
935 2351 1045 2423 genus
1071 2327 1158 2411 exci-

156 2449 217 2548 pio
244 2429 436 2548 sermonis,
468 2452 506 2522 in
541 2476 610 2551 quo
646 2477 813 2549 persaepe
847 2449 980 2552 aliquid
1009 2451 1158 2549 dicitur,

157 2575 253 2674 quod
285 2589 320 2647 te
352 2589 474 2675 putem
510 2576 604 2648 uolle
642 2576 710 2648 dici
730 2579 777 2648 ³5:
811 2578 840 2648 si
874 2591 934 2648 aut
962 2576 1157 2674 legatorum

155 2714 296 2772 tuorum
323 2704 491 2802 cuipiam,
526 2717 585 2774 aut
610 2703 881 2801 praefectorum,
912 2716 973 2774 ant
998 2703 1157 2776 tribuno·

154 2853 232 2901 rum
265 2829 415 2901 militum
449 2830 539 2901 male
575 2829 723 2901 dicitur:
758 2827 855 2929 quod
888 2842 1007 2901 tamen
1042 2831 1157 2928 ipsum

153 2979 227 3026 non
260 2954 457 3027 mehercule
492 2955 607 3028 adhuc
644 2955 772 3027 accidit
805 2982 861 3027 me
895 2955 1084 3053 audiente,
1118 2969 1158 3026 nt

113 3131 116 3134 ,
154 3091 216 3150 aut
241 3082 378 3176 gravius
404 3080 594 3179 diceretur,
612 3095 673 3152 aut
691 3082 877 3180 impurius,
895 3107 1002 3182 quam
1018 3107 1157 3153 mecum

153 3205 329 3305 Corcyrae
354 3207 499 3280 Clodius
526 3222 579 3280 cst
603 3208 758 3306 locutus,
785 3235 893 3309 quum
914 3209 952 3279 in
968 3233 1012 3280 eo
1033 3233 1156 3306 genere

152 3331 302 3403 maxime
328 3348 545 3433 quereretur,
562 3348 597 3406 te
619 3334 765 3407 aliorum
789 3335 1016 3434 improbitate
1041 3336 1155 3406 minus

152 3453 287 3528 felicem
312 3457 424 3530 fuisse.
451 3461 526 3532 Hos
550 3486 614 3559 ego
633 3486 826 3559 sermones,
844 3459 986 3560 qu0d³⁶
1003 3459 1156 3532 etmulti

152 3594 252 3680 sunt,
277 3596 312 3653 et
337 3597 434 3656 tuam
460 3586 769 3685 existimationem,
793 3600 916 3684 ut‘ego
935 3587 1066 3684 senti0,
1082 3611 1154 3658 non

151 3698 352 3805 offendunt,
376 3709 535 3785 lacessivi
561 3738 769 3813 numquam,
786 3711 850 3784 sed
874 3738 948 3784 non
973 3712 1077 3785 valde
1104 3737 1152 3783 re-

150 3832 269 3926 pressi.
306 3833 342 3905 si
375 3838 451 3938 quis
485 3853 557 3938 est,
587 3839 646 3939 qui
678 3838 854 3911 neminem
886 3837 981 3912 bona
1016 3836 1085 3908 fide
1115 3837 1149 3906 in
