2616 4852
635 350 905 402 Annornrtontts

312 459 537 540 magistratum,
557 455 606 515 cui
626 466 747 537 pareret
765 456 927 525 exercitus,
947 461 1123 535 praetorem
1143 454 1257 535 appella·

311 565 392 626 bant
418 564 497 624 Hinc
513 563 578 664 ¹Cic.
605 560 748 622 Bibulum
776 582 823 642 ep.
853 559 1023 631 CCLXXI,
1044 579 1063 618 a
1092 559 1259 633 Praetorem,

311 692 359 753 ep.
385 689 458 731 vero
484 667 609 728 CCXXI
637 668 702 728 init.
727 677 757 728 et
782 665 924 727 CCXXII
952 665 1073 727 Pmcos.
1100 678 1195 727 voest
1220 667 1260 726 Sic

310 778 428 837 'Hirtius
449 775 599 836 Allienum
616 785 798 857 praetorem,
818 772 926 835 deinde
947 793 1064 854 procos.
1085 772 1213 857 appellat
1231 774 1259 833 de

310 883 382 943 Bell.
404 882 464 942 atr.
486 901 520 955 a,
540 892 570 942 et
591 882 638 958 34.
660 878 783 942 Conna

271 991 311 1066 42
333 991 356 1049 Α
378 1009 427 1048 me
446 989 578 1048 remisso.
599 987 718 1048 Manat.
749 975 752 978 ’

271 1095 310 1171 43
331 1093 400 1154 Seil.
421 1114 515 1176 quum
536 1096 568 1153 in
587 1092 687 1154 edicto
707 1113 776 1154 meo
796 1091 945 1154 tralaticio
966 1092 1168 1152 constitutum
1180 1090 1262 1152 habe·

291 1181 391 1272 rem,
411 1220 461 1261 me
485 1199 661 1261 centesimas
680 1210 798 1260 tantum
824 1198 1062 1261 observaturum
1085 1209 1144 1260 etc.
1168 1199 1261 1261 tian-

311 1307 377 1368 ticio
390 1305 452 1368 vid.
465 1305 505 1367 ad
518 1327 565 1390 ep.
587 1306 742 1379 ccxxlt,
768 1327 792 1366 r.
812 1305 893 1367 Edd.
906 1317 977 1367 vett.
991 1307 1180 1368 amuletitio.
1192 1307 1262 1372 Voce

309 1424 411 1474 autem
429 1414 602 1474 centesimae
626 1412 727 1473 Latini
754 1432 878 1472 usuram
906 1410 1124 1495 designabant,
1152 1393 1262 1474 bocest

308 1521 501 1580 centesimam
513 1529 633 1602 partem
647 1521 735 1580 sortis
747 1520 779 1579 in
792 1518 926 1601 singulos
939 1540 1074 1597 mensem
1089 1522 1181 1582 sicuti
1193 1520 1262 1604 apud
1275 1496 1276 1504 ἵ

306 1636 454 1688 nostrates
473 1625 611 1688 absolute
630 1626 742 1687 dicitur
767 1647 808 1688 nn
834 1628 1005 1701 centesimae,
1026 1647 1087 1709 pro
1115 1629 1264 1689 centesima

307 1744 395 1815 parte
414 1732 508 1794 librae
533 1735 606 1794 novi
634 1735 712 1794 aeris
737 1732 840 1794 italici.
861 1732 955 1794 Aldus
980 1753 1028 1794 me
1054 1733 1263 1795 observatiam

229 1891 252 1898 ,,
306 1837 554 1920 dieemm,'quod
572 1849 618 1900 est
637 1840 794 1922 glossatori
814 1837 957 1900 dandum.
980 1838 1059 1900 Cum
1078 1842 1265 1911 meatoasmc,

307 1965 414 2024 graece
441 1951 619 2028 dunestaple
647 1955 693 2006 est
719 1963 811 2006 usura
833 1965 897 2040 non
924 1944 1027 2006 soluta
1054 1946 1262 2030 temporedc-

305 2048 387 2123 bito,
408 2062 498 2133 atque
518 2055 591 2114 sorti
614 2053 774 2134 (capitale)
795 2052 929 2126 addicta,
954 2073 1037 2134 quae
1063 2054 1164 2116 veluti
1189 2056 1262 2115 sortis

306 2158 410 2237 portio
440 2156 531 2218 aliam
560 2180 685 2219 usuram
715 2161 814 2242 pariat
840 2161 872 2220 in
898 2179 1045 2221 mensem.
1070 2160 1180 2243 Vulgo
1208 2182 1263 2220 eum

304 2263 478 2322 anatocismi
491 2266 718 2338 anniversario,
741 2256 798 2327 ¹sed
826 2266 1079 2338 anniversarium,
1110 2269 1156 2329 ait
1180 2267 1261 2328 Eme·

304 2368 394 2439 stine,
414 2367 599 2431 substantive
617 2374 757 2453 nuspiam
777 2372 889 2433 dicitur
907 2363 991 2455 apud
1019 2372 1128 2437 bonae
1146 2375 1261 2436 latinita-

199 2476 201 2480 “
276 2550 280 2560 ι
303 2473 342 2532 tis
362 2483 515 2551 auctores3
535 2476 608 2537 alias
627 2480 718 2538 etiam
739 2482 771 2537 in
790 2478 849 2539 hac
868 2479 996 2561 epistola
1023 2481 1202 2562 simpliciter
1222 2479 1259 2539 di·

303 2591 414 2641 cuntur
437 2585 609 2644 centesimae
628 2607 695 2646 cnm
714 2587 911 2658 anacam,
931 2598 962 2647 et
980 2592 1015 2650 ri
1041 2589 1259 2649 anniversarium

283 2687 380 2747 inest
399 2689 431 2748 in
456 2691 522 2771 ipso
549 2694 744 2764 anatocismo,
771 2703 806 2752 ut
831 2702 914 2774 patet
939 2712 976 2752 ex
996 2713 1047 2775 ep.
1069 2691 1258 2764 CCLXlV,3

246 2820 250 2833 1
301 2794 479 2867 centesimis,
500 2810 638 2858 renovato
665 2801 695 2858 in
715 2799 844 2879 singulos
869 2817 964 2858 annos
979 2799 1135 2878 fhenore,·
1154 2803 1258 2860 itemst

301 2919 348 2981 ep.
369 2898 493 2973 CCLlI,
512 2903 533 2979 4
552 2906 722 2964 centesimas
741 2906 875 2966 sexennii
886 2925 954 2966 cnm
966 2909 1163 2970 renovatione
1175 2926 1254 2968 anna-

299 3023 366 3062 rum
384 3007 570 3086 singulorum.
591 3009 676 3070 Libri
698 3012 800 3092 scripti
821 3013 926 3072 vitiose
953 3031 1027 3072 enm
1046 3015 1197 3086 annecti,
1213 3031 1254 3072 an-

300 3110 415 3184 tiochis,
428 3119 560 3176 assatocis
580 3126 610 3177 et
630 3118 750 3178 antiocis
763 3120 968 3179 anniversario.
990 3120 1152 3183 Graevius
1169 3132 1254 3182 anato-
1302 3160 1304 3176 ι

299 3215 382 3276 anmi
391 3221 587 3284 anniversario
592 3268 604 3298 ,
617 3233 647 3284 et
660 3224 789 3307 explicat
801 3245 867 3286 eum
878 3228 1062 3288 armtceismi
1072 3225 1252 3290 anniversaria

298 3320 481 3386 incremento.
494 3325 555 3388 Sed
567 3331 774 3392 incrementum
787 3331 942 3392 subaudiri
955 3352 1023 3394 non
1037 3345 1161 3416 potest,
1175 3350 1251 3415 quum

298 3424 331 3484 in
350 3428 444 3490 verbo
472 3437 643 3496 anatocismi
667 3441 727 3498 iam
754 3441 833 3499 insit.
856 3437 1032 3519 Vulgatum
1060 3442 1140 3503 olim
1165 3451 1251 3502 anato-

298 3528 386 3592 cismo
409 3537 605 3602 anniversario
629 3563 692 3604 non
717 3543 846 3606 alienum
871 3543 1003 3606 ridetur.
1026 3545 1250 3609 Anniversan'nm

297 3636 392 3699 inesse
411 3641 443 3701 in
462 3643 528 3724 ipso
548 3652 734 3712 anatocismo
760 3671 821 3712 non
835 3649 970 3712 ridetur.
1002 3651 1037 3713 Si
1060 3658 1147 3715 enim
1172 3669 1247 3734 quum

298 3741 409 3806 dicitur
427 3753 636 3828 anatocismo,
655 3755 685 3818 h.
706 3778 732 3818 e.
753 3755 842 3818 muru
861 3771 1021 3832 mnovata,
1042 3781 1167 3844 semper
1179 3755 1245 3819 intel·

297 3847 401 3930 ligitur
420 3849 639 3936 anniversaria,
661 3884 715 3924 cur
734 3864 861 3927 laudatis
882 3863 956 3927 locis
969 3865 1115 3931 'additur‘
1128 3868 1244 3944 manm-
