2616 4852
519 339 555 385 iu
582 336 771 386 susionis
1070 319 1137 411 l⁰¹
1169 394 1196 409 „

183 446 215 497 at
235 434 388 496 Manutius
407 452 436 495 a.
456 434 486 494 d.
506 455 548 497 eae
568 435 639 498 Kal.
660 435 751 498 Mart.
759 481 769 511 ,
789 435 837 498 vel
863 439 964 520 potius
984 439 1038 501 Ee
1061 462 1091 501 a.
1112 441 1142 500 d.
1165 417 1169 425 ’
1251 422 1255 433 ’

182 539 256 602 Kal.
276 540 384 614 Mart,
405 540 646 624 locutionemque
665 564 706 605 ex
726 542 899 619 antediem,
913 558 1053 627 proante
1067 545 1144 607 diem

182 646 327 730 exemplis
339 647 437 709 allatis
448 668 483 709 ax
495 669 541 731 ep.
555 650 677 722 LXXII,
693 672 717 720 1,
727 650 816 710 Varr.
828 650 864 708 R.
876 651 912 710 R.
927 652 956 724 l,
970 652 1035 712 Liv.
1047 653 1143 725 XLV,

182 765 214 815 et
234 754 393 815 Colotiano
413 754 513 837 lapide
534 776 575 817 ex
594 776 622 815 a.
643 754 673 815 d.
696 756 735 818 V.
756 754 796 816 K.
817 755 892 817 Dec.
906 755 949 817 ael
958 777 1005 838 pr.
1020 756 1059 818 K.
1074 759 1142 819 Ian.
1270 735 1273 742 Ι

182 859 328 936 defendit3
342 871 371 922 et
380 860 531 922 Kalendas
545 861 668 923 Martias
680 861 845 943 designari,
857 883 920 923 non
932 861 962 921 X
970 861 1040 923 Kal.
1052 837 1143 925 Marl.

181 975 285 1028 tuetur
305 988 340 1029 ex
365 989 430 1051 sup.
451 981 483 1028 ut
501 989 568 1028 eum
586 967 726 1038 decedere
751 983 821 1050 post
840 967 911 1030 Kal.
932 969 1023 1031 Mart.
1041 971 1144 1050 place-

181 1085 241 1145 ret,
263 1093 298 1135 ex
323 1095 406 1157 seqq.
434 1096 502 1136 neve
528 1073 601 1157 quid
621 1078 704 1157 ptius
726 1095 767 1136 ex
791 1073 862 1136 Kal.
890 1075 950 1148 M,
977 1086 1007 1136 et
1033 1096 1068 1136 ax
1095 1096 1142 1157 ep.

181 1179 379 1254 CCCXXVI,
405 1201 439 1253 2,
465 1181 579 1243 consuli
590 1179 714 1264 finienti
739 1182 904 1262 provincias
931 1180 1046 1243 Gallias
1071 1179 1142 1242 Kal.

181 1286 275 1347 Mart.
295 1288 403 1348 restitit.

142 1391 182 1475 39
202 1391 254 1453 Sic
281 1413 328 1476 ep.
348 1394 463 1467 XCIII,
486 1415 515 1466 1,
537 1393 718 1475 postulatum
744 1405 802 1466 est,
823 1407 855 1454 ut
881 1393 982 1454 Bibuli
1003 1394 1144 1481 sententia

176 1496 363 1560 'divideretua
382 1499 462 1562 Vide
482 1500 613 1561 Iudicem
633 1502 666 1560 in
684 1497 818 1560 dividere.

140 1604 181 1682 lo
199 1605 261 1683 Per¹
281 1626 357 1687 quos
378 1605 444 1688 lege
463 1607 561 1691 Pupia
581 1606 709 1668 Senatus
729 1604 837 1665 haberi
857 1625 918 1666 non
936 1614 1073 1687 poterat3
1093 1624 1141 1688 ep.

179 1712 311 1786 XCVII,
331 1712 359 1773 5.
609 1716 612 1720 ’

141 1819 176 1896 41
201 1818 253 1880 Sic
273 1829 305 1880 et
323 1819 403 1881 infra
422 1820 563 1882 insimili.
577 1820 607 1881 S.
621 1820 654 1881 C.
668 1818 800 1880 formula
813 1818 919 1901 qtaibus
931 1837 1049 1890 eoram,
1067 1837 1141 1900 queas

179 1946 299 1998 earum,
318 1939 353 1988 ut
372 1929 491 1989 monuit
508 1929 570 1988 iam
590 1927 762 2001 Ernestius3
783 1936 813 1987 et
833 1927 876 1985 sic
896 1934 942 1986 est
955 1927 986 1985 in
1000 1923 1142 1987 omnibus

178 2035 311 2106 nostris,
330 2054 388 2098 sec.
411 2045 552 2117 excepto,
572 2035 641 2115 qui,
660 2043 694 2094 ut
714 2030 824 2113 vulgo,
849 2051 951 2092 eoram
975 2031 1035 2114 qui.
1060 2031 1143 2092 Tum

178 2141 301 2221 putavit
331 2139 488 2201 Ernestius
512 2161 642 2213 verum,
670 2138 754 2222 quod
774 2137 929 2198 Manutius
949 2135 1090 2212 volebat,
1112 2147 1143 2198 et

179 2245 341 2307 Schiiteius
361 2256 466 2330 postea
486 2249 615 2330 recepit,
635 2267 684 2308 eos
704 2265 762 2329 pro
790 2266 847 2308 sex
872 2242 997 2305 rescribi
1023 2242 1140 2305 debere.

178 2352 257 2412 Nam
279 2351 354 2435 quid
374 2352 431 2414 sibi
452 2353 614 2416 voluisseut
627 2374 689 2415 sex
709 2353 772 2415 illil
791 2373 830 2412 an
851 2351 947 2413 multo
960 2350 1142 2432 frequentio-

177 2478 245 2518 rem
265 2457 404 2520 fecissent
424 2459 586 2520 Senatumi
600 2459 658 2521 Alii
671 2459 844 2538 sexaginta,
855 2469 886 2518 et
900 2455 1010 2517 Sehiitz
1022 2458 1052 2517 in
1064 2455 1142 2517 iudi-

176 2565 262 2625 cibus
274 2579 385 2638 essent,
399 2563 478 2628 CCC
488 2565 635 2628 adaluaere
650 2566 754 2626 liceret
775 2565 857 2623 Tum
878 2565 951 2645 quia
970 2584 1033 2624 non
1052 2563 1146 2634 CCC,

177 2670 232 2731 sed
253 2671 386 2732 CCCLX
406 2692 441 2732 ex
461 2670 565 2734 ordine
593 2671 751 2732 Senatorio
776 2691 832 2753 per
857 2669 932 2730 illud
954 2680 1074 2751 tempus
1096 2670 1142 2727 iu·

176 2775 338 2850 dicabant,
357 2789 393 2838 ut
412 2788 517 2840 monet
535 2777 676 2840 adhunc
695 2777 797 2839 locum
818 2775 992 2846 schiltzius,
1011 2794 1048 2834 ex
1068 2773 1141 2836 Vel·
1175 2842 1178 2849 ,

174 2881 239 2944 leio
259 2884 302 2956 Π,
323 2894 353 2944 et
372 2883 526 2944 Plutarch.
553 2887 585 2944 in
603 2884 766 2967 Pompeio,
793 2883 899 2944 melius
921 2883 964 2943 rei
985 2879 1141 2942 consulere

176 2988 301 3050 videtur
321 2988 410 3050 Amb.
436 2990 472 3051 15
493 2992 545 3073 qui
565 3010 727 3051 numerum
747 2991 869 3051 omittit.

134 3094 175 3171 42
197 3093 233 3154 Si
254 3095 329 3176 quid
349 3095 446 3168 ferse,
464 3097 490 3156 si
509 3117 570 3177 qua
591 3098 747 3177 rogatione
768 3096 830 3157 lata
844 3117 921 3178 opus
935 3105 1029 3167 esset,
1047 3093 1141 3176 expli·
1173 3111 1178 3118 ·

177 3210 229 3261 cat
253 3202 278 3262 1.
302 3202 339 3262 F.
367 3202 549 3263 Gronovius.
577 3201 690 3263 Similis
722 3202 865 3285 loquendi
897 3200 1029 3264 formula
1059 3198 1141 3283 apud

177 3307 264 3367 Caes.
288 3307 625 3392 (Belt.jGall.1,42):
649 3309 694 3371 Vt
716 3308 898 3390 praesidium
922 3308 1142 3377 amicissimum,

175 3414 203 3472 si
223 3411 299 3496 quid
317 3435 394 3497 opus
405 3414 492 3496 fama
512 3427 599 3487 esset,
617 3415 742 3476 liaberet.
762 3415 806 3474 Cf.
826 3414 963 3476 Probum
976 3425 1007 3475 et
1019 3415 1142 3475 Livium

176 3518 291 3590 XLIV,
318 3541 361 3600 ¹7·
383 3518 542 3581 Schfitzius
567 3522 672 3581 tacite:
695 3520 728 3580 Si
752 3541 861 3602 quo—
875 3522 935 3583 lata
962 3542 1037 3603 opus
1060 3531 1141 3580 esset.

175 3623 233 3686 Aa
241 3626 391 3708 papulum
410 3626 453 3686 ad
468 3628 632 3708 plebemve,
652 3627 691 3686 ad
711 3626 859 3708 populum
874 3627 952 3688 ferre
965 3625 1142 3688 dicebantur

177 3731 318 3792 consules
339 3743 370 3792 et
390 3742 557 3815 praetores,
577 3733 615 3794 ad
636 3730 754 3814 plebem
770 3732 1011 3815 tribuniplebis,
1027 3733 1139 3814 quiius

176 3837 370 3899 convocandi
395 3842 536 3920 patricios
564 3861 625 3900 non
652 3837 812 3901 liubobant.
834 3839 929 3904 Vides
952 3839 1098 3921 papulam
1123 3860 1140 3898 a

180 3960 286 4024 Clean.
313 3962 353 4024 V.
376 3996 416 4009 —
438 3962 510 4023 Late.
537 3938 576 4024 Τ.Ι
590 3964 650 4024 IV.
983 3961 1021 4022 26
