2632 4860
123 421 126 425 ,
234 347 307 440 42⁰
598 363 870 416 lurorsrrousa

268 473 331 532 Eos
350 472 393 532 ita
413 469 509 530 dictos
530 467 570 529 ab
589 490 625 529 ea
646 470 767 529 Ciliciae
787 478 894 550 parte,
919 488 1012 549 quam
1037 471 1093 551 qui
1123 472 1231 533 incolc-

269 589 338 640 rent
357 599 412 638 sua
431 587 529 637 aetate
548 585 732 661 ’Elandrplrru
760 586 829 636 sunt
856 575 1019 658 appellati,¹
1040 589 1129 638 notat
1144 578 1234 642 Sthe·

269 683 399 767 phanus.
420 683 500 745 Vide
521 681 741 765 spanhemium
765 681 852 743 Orbis
873 683 958 742 Bona·
973 682 1058 766 apud
1072 686 1238 747 Graevium

271 793 304 851 in
315 790 474 851 Thesauro
488 793 554 850 Ant.
568 801 642 850 tom.
654 790 711 863 Xl‚
722 790 778 851 col.
796 790 851 852 113
865 801 896 851 et
909 791 1201 873 epucxxxvltt,
1217 816 1239 855 1.

233 914 271 958 22
292 897 369 959 Edd.
390 899 467 959 lens.
487 897 595 958 Minut.
616 908 647 957 et
668 897 734 958 Aldi
756 917 798 959 ex
818 899 930 959 nostris.

233 1005 272 1066 23
293 1006 360 1066 Hoc
380 1016 425 1067 est
444 1007 534 1066 tertio
555 1004 799 1065 saturnaliorum
820 1005 879 1067 die.
900 1004 958 1067 Sic·
971 1008 1062 1067 enim·
1074 1007 1240 1090 loqueban-

270 1123 331 1175 tur.
351 1113 431 1175 Vide
452 1114 586 1174 Gronov.
607 1112 646 1173 ad
666 1113 733 1174 Liv.
754 1113 862 1186 XXX,
882 1113 930 1174 36.
950 1114 1068 1175 Ernest.
1090 1115 1133 1176 In
1155 1117 1240 1176 tribu-

274 1221 350 1293 nati,
370 1218 504 1281 tribunal
529 1230 679 1281 castrense
705 1216 832 1303 proprie
856 1232 922 1282 erat
947 1232 1107 1304 suggestus
1134 1223 1239 1284 editior

245 1356 248 1361 ·
272 1347 310 1389 ex
330 1329 443 1409 cespite
463 1339 667 1400 constructus,
688 1329 719 1387 in
740 1347 802 1411 quo
823 1326 896 1389 sella
916 1329 1015 1390 curuli
1029 1332 1133 1412 posita
1147 1332 1239 1414 impe-

273 1444 359 1497 rator
370 1446 424 1495 aut
445 1437 496 1521 ius¹
511 1434 647 1509 dicebat,
667 1446 720 1496 aut
740 1440 904 1497 exercitum
920 1435 1146 1518 alloquebatur.
1170 1465 1187 1492 o
1198 1440 1240 1496 An

274 1568 294 1599 α
315 1562 404 1624 ergo,
424 1545 523 1625 inquit
542 1541 592 1603 hic
612 1542 784 1617 Ernestius‚
805 1544 897 1605 talem
918 1545 1077 1626 epistolam
1098 1548 1132 1606 in
1146 1545 1240 1606 tribu-

276 1676 295 1707 a
315 1651 376 1712 nali
397 1651 502 1712 sedens
527 1653 666 1734 scripsit?
687 1652 785 1712 lmmo
812 1651 1060 1734 distinguendum
1081 1664 1155 1736 post
1175 1653 1240 1715 scri·

208 1814 211 1820 .
279 1786 297 1816 ιι
317 1758 428 1818 bebam.
451 1760 487 1818 ln
506 1757 650 1819 tribunali
672 1759 751 1819 facta
778 1770 824 1820 est
844 1761 983 1820 auctio.»
1007 1759 1059 1820 Sic
1084 1762 1178 1822 etiam
1197 1757 1240 1820 di·

276 1869 400 1948 stinguit
420 1865 587 1928 Schiitzius.
606 1868 712 1948 Itaque
732 1869 763 1927 io
784 1868 925 1928 industrii
943 1859 1177 1948 intelligendum
1200 1877 1242 1928 est

276 1976 310 2035 in
330 1975 398 2035 loco
417 1985 544 2056 propter
564 1973 710 2045 tribunal,
729 1976 763 2034 in
785 1994 848 2056 quo
872 1975 951 2035 facta
979 1985 1024 2034 est
1042 1977 1165 2037 auctio.
1187 1972 1241 2033 Alii

278 2081 366 2142 aliter
384 2085 612 2164 interpungunt.
634 2079 767 2142 Schilnb.
789 2072 945 2164 Manciprit
964 2081 1126 2142 vceuibant
1145 2080 1242 2140 Satur-

203 2212 214 2236 ·
267 2189 396 2248 »ηαὶίὖαε
415 2187 478 2249 III
492 2209 584 2271 qrrum
597 2189 669 2247 haec
682 2186 852 2249 scribebam.
873 2189 914 2249 In
928 2189 1068 2249 tribunali
1087 2199 1145 2249 etc.
1166 2189 1242 2249 Tum

276 2297 396 2378 priscae
416 2295 499 2366 edd,
519 2295 658 2356 Romana
679 2307 817 2379 excepta,
837 2296 917 2356 H-S
935 2315 1027 2359 ccxx.

240 2401 281 2479 24
300 2400 327 2462 E
349 2402 446 2482 glossa
465 2423 639 2486 essequam
659 2405 757 2464 omnia
778 2406 949 2488 suspicatur
969 2402 1091 2464 schulz.

241 2507 281 2568 25
301 2507 442 2589 Ligurino
461 2512 536 2571 ‘sine
563 2509 657 2572 dubio
683 2509 864 2571 mendosum
890 2521 941 2571 est.
970 2493 1116 2571 Fortasse
1145 2508 1244 2569 Cicero

281 2618 401 2698 scripsit
421 2625 524 2702 λιγυρῷ
540 2644 596 2682 τινι
614 2625 715 2704 pepp,
736 2639 806 2678 cum
828 2616 966 2700 respectu
981 2616 1020 2676 ad
1035 2615 1197 2676 Thersiten
1216 2615 1245 2673 il-

280 2722 346 2784 lum
368 2723 565 2784 Homericum
587 2725 671 2784 Iliad.
694 2727 786 2798 11,v.
808 2723 876 2802 246.
904 2724 997 2797 Sunt,
1024 2726 1078 2804 qui
1108 2724 1245 2783 Catonem

283 2829 433 2912 designari
454 2842 578 2914 putent,
598 2831 651 2892 sed
672 2853 727 2892 cur
751 2833 802 2893 ille
823 2831 981 2923 Ligpn'nur
1005 2830 1145 2902 dicatur,
1164 2848 1246 2888 nemo

284 2938 477 3020 expediverit.
492 2940 610 2999 Setius.
626 2938 683 3000 Alii
699 2938 895 3000 Hortensium
908 2940 1006 2998 notari
1021 2949 1147 3018 putant3
1163 2956 1247 3017 quem

284 3065 358 3103 vero
379 3045 456 3105 adeo
476 3066 609 3127 pronum
630 3045 670 3105 ad
690 3047 765 3108 alios
779 3045 996 3129 vituperandos
1009 3044 1123 3116 fuisse,
1136 3055 1172 3103 ut
1185 3062 1247 3102 cum

283 3150 391 3210 Momo
413 3155 584 3233 comparari
605 3165 722 3234 posset,
742 3174 893 3235 nusquam
915 3152 1054 3232 legimus.
1076 3149 1219 3210 Schiienb.

245 3254 286 3317 26
305 3257 383 3316 Edd.
406 3257 488 3329 Alai,
508 3257 618 3317 Lamb.
641 3281 694 3319 nee
716 3273 821 3319 tamen.
1063 3317 1065 3320 .

246 3383 284 3444 27
306 3362 470 3445 Splendida
492 3364 619 3438 scilicet,
640 3388 718 3448 quae
739 3366 776 3426 de
797 3364 1003 3426 Ariobarzane
1025 3366 1091 3445 (ep.
1115 3360 1247 3436 CCXIX)

287 3481 463 3550 sequuntur.
489 3472 593 3554 Inepte
614 3472 681 3534 edd.
702 3474 776 3533 Min.
797 3483 828 3533 et
848 3471 918 3533 Aldi
945 3473 1019 3531 haec
1045 3483 1117 3531 sunt
1135 3475 1247 3551 λαμπρά.

248 3573 286 3636 28
307 3575 399 3635 Recte
421 3578 481 3637 iam
503 3576 671 3662 Malaspina
691 3579 767 3641 haec
780 3578 876 3639 verba
889 3590 978 3661 atque
992 3578 1082 3637 etiam
1092 3577 1207 3658 -sore
1219 3592 1249 3630 ex

286 3684 408 3762 ingenio
429 3681 490 3742 hue
511 3688 655 3759 retraxit,
675 3689 707 3745 in
729 3686 816 3746 codd.
838 3685 980 3745 omnibus
1001 3694 1073 3766 post
1093 3683 1147 3743 illa
1162 3697 1249 3764 paene

286 3776 353 3849 diri
372 3811 463 3872 qrmm
480 3802 506 3849 te
519 3792 674 3853 collocata.
695 3793 785 3854 lllum
804 3796 926 3873 sequuti
947 3802 1018 3852 sunt
1039 3811 1147 3850 omnes
1167 3803 1244 3868 prae·

287 3907 334 3957 ter
355 3899 412 3959 lac.
434 3901 634 3962 Gronovium.
656 3902 739 3962 Tum
761 3903 887 3962 Brutum
906 3901 1105 3962 abiectum-
1118 3888 1245 3957 excitavi,
