2616 4852
164 320 237 415 334
531 337 803 392 truortrrouas

161 447 255 508 261..
276 445 429 505 Domitius
450 440 690 515 Ahenobardus,
711 443 896 517 consularis,
909 447 1080 506 acerrimus
1092 447 1155 508 Cae-

199 555 274 614 saris
287 551 484 612 adversarius.
498 549 616 611 Mortui.
630 551 786 622 Domitius,
797 549 928 611 subaudi
941 565 1056 613 narrat
1073 553 1157 635 Quum

198 681 305 722 manus
325 670 380 719 etc.
400 677 509 718 eorum
536 677 641 729 more,
662 659 716 738 qui
743 656 817 718 dum
843 656 964 739 aliquid
982 672 1108 722 narrant
1125 664 1158 722 si-

146 792 149 796 *
197 765 341 848 gnificant
350 808 361 837 ,
380 763 412 824 id
432 784 494 824 non
514 784 578 824 esse
597 765 628 823 in
649 763 759 844 vulgus
778 764 1028 846 propagandum.

158 895 197 956 27
218 873 363 934 Homines
383 871 472 931 otiosi
491 871 524 930 in
544 873 649 932 rostris
668 880 822 932 versantes
849 871 987 946 assidua,
1009 895 1159 935 rumorum

198 999 330 1061 aucupes
350 988 381 1038 et
400 977 576 1058 nugivendi.
596 976 708 1037 Plauto
727 977 947 1039 subbasilicaui.
968 979 1094 1041 Graan·

157 1085 197 1148 28
218 1087 382 1145 Graevius:
403 1095 434 1143 et
455 1095 481 1142 tc
502 1085 533 1144 in
554 1084 678 1143 urbe-
692 1104 795 1145 nautor
804 1082 876 1164 suit.

158 1214 198 1276 ²9
217 1193 280 1271 Qui
305 1191 413 1253 Miloni
440 1191 632 1251 consulatum
658 1193 795 1274 petenti.
825 1194 953 1273 eiusque
986 1194 1160 1256 amicissimo

197 1299 335 1360 Ciceroni
367 1307 521 1359 aversatus
547 1309 621 1359 erat.
651 1297 728 1358 Post
755 1297 945 1359 tribunatum
974 1299 1015 1361 de
1044 1302 1076 1361 vi
1096 1323 1160 1362 con-

167 1432 171 1437 ·
195 1406 356 1467 damnatus
375 1403 479 1465 Baulis
504 1403 668 1466 exsulabat
690 1403 770 1468 Vide
795 1405 965 1467 Pedianum
993 1408 1028 1468 in
1052 1429 1159 1490 argum.

195 1523 272 1574 orat.
293 1510 416 1584 Milon,
435 1511 566 1572 Dionem
588 1511 668 1573 Cass.
681 1512 757 1585 XL,
775 1511 817 1590 45
836 1522 868 1574 et
885 1511 943 1586 55,
962 1525 997 1576 et
1009 1514 1160 1579 Valerium

195 1620 276 1680 Max.
297 1618 352 1690 lv,
373 1637 413 1691 a,
435 1639 463 1699 7.

155 1729 196 1791 30
215 1727 297 1788 Villa
318 1724 487 1786 Hortensii:
507 1722 635 1795 δμετιιὴν
647 1722 753 1809 facere
773 1735 875 1788 autem
888 1735 935 1788 est
948 1747 1062 1791 curare
1076 1729 1168 1798 vosui-¹

164 1868 168 1876 ·
194 1835 296 1904 toriis,
320 1851 398 1913 quae
417 1851 476 1892 vox
496 1840 592 1891 exstat
612 1832 703 1891 etiam
723 1852 772 1914 ep.
788 1831 896 1894 neti.
917 1830 1071 1895 solebant
1089 1837 1159 1896 enim

194 1942 228 2001 in
248 1940 301 2000 illa
321 1939 506 2021 Campaniae
527 1937 596 1998 loca
615 1936 753 2000 secedere
770 1940 951 2001 valetudinis
965 1962 1079 2016 causa,
1091 1944 1159 2003 inter

193 2067 273 2129 quae
293 2055 324 2106 et
343 2046 431 2105 Bauli
451 2055 547 2105 eraut
568 2044 610 2104 Et
631 2041 703 2105 huic
723 2048 880 2120 convenit,
904 2047 992 2130 quod
1012 2050 1157 2131 sequitu:

193 2165 226 2212 ut
244 2173 297 2232 ego
317 2133 470 2211 misererer
486 2151 549 2211 είω
560 2150 681 2223 esuum,
700 2151 777 2214 idest
797 2154 969 2216 ieiunitatis.
987 2153 1080 2218 Vidit
1098 2155 1157 2217 Oli·

191 2271 287 2319 vetus.
302 2257 403 2338 Aliqui
417 2257 669 2330 Embaeacticam,
680 2256 723 2319 ab
736 2257 857 2332 appulsa
871 2261 971 2323 navim
982 2262 1157 2335 caruccador

191 2365 242 2425 alii
262 2365 493 2449 empaenetr'cam
520 2384 539 2425 a
571 2363 667 2436 verbo
687 2367 796 2436 πεινᾶν,
822 2367 907 2448 quod
931 2367 1016 2430 valet
1043 2371 1156 2440 asurim

190 2471 240 2532 alii
260 2470 387 2554 dariique
407 2479 591 2554 ὀμπνητιιὴν,
610 2469 650 2530 ab
672 2481 786 2554 ὀμπνίω
808 2473 896 2554 latnie
923 2472 1080 2556 indulgere
1106 2476 1154 2536 du·

186 2580 289 2661 pilam,
310 2579 430 2660 legunt3
451 2577 502 2639 alii
524 2578 603 2649 alia,
624 2599 700 2660 quos
721 2600 827 2641 omnes
846 2580 958 2642 afferre
982 2605 1041 2644 nec
1062 2593 1152 2654 vacat,

191 2706 246 2746 nec
265 2688 359 2747 iuvat.
380 2685 448 2767 Ego
469 2686 690 2747 correctionem
711 2685 844 2749 Schuaii
865 2686 1004 2751 adhibui.
1026 2740 1029 2746 .
1098 2736 1099 2740 ,

153 2794 188 2854 31
213 2794 283 2855 Hoc
302 2804 363 2865 est,
383 2804 419 2854 ut
437 2790 647 2855 liberaremur.
661 2791 712 2854 Sic
726 2793 834 2876 virgil.
850 2794 997 2873 (Aeneid.
1009 2795 1148 2876 v1‚83):

320 2951 344 3006 0
363 2951 466 3005 tandem
484 2950 582 3021 magnis
599 2952 683 3024 pelagi
701 2951 823 3007 defuncte
840 2953 952 3025 periclis.

188 3114 274 3172 etsie
297 3113 362 3194 ipse
376 3113 438 3174 Cic.
453 3135 502 3196 ep.
515 3115 696 3177 DCCCLIV
716 3117 781 3177 init.
801 3114 935 3198 Defungt'
951 3139 1075 3179 munera
1091 3135 1145 3181 ora·

187 3219 289 3292 trinnis,
310 3240 402 3301 quem
423 3221 502 3282 vida.
523 3222 637 3304 Optavi
659 3225 772 3304 igitur,
798 3234 835 3284 ut
852 3221 914 3286 boc
934 3225 1110 3298 mendacio,
1130 3244 1145 3281 a

186 3327 345 3410 periculis,
365 3329 389 3387 si
411 3349 472 3409 qua
492 3328 548 3388 tibi
568 3330 792 3412 impenderent,
812 3330 1031 3410 liberaremur3
1052 3345 1086 3394 ut
1102 3343 1142 3393 tua

185 3434 322 3516 pericula
342 3455 404 3494 uuo
425 3433 485 3497 hoc
505 3437 664 3497 mendacio
684 3439 889 3499 consisterent.

145 3543 184 3602 32
210 3542 293 3602 Tuus
313 3539 364 3603 bic
384 3541 461 3602 dixit
480 3563 550 3603 cum
570 3546 685 3617 ironia,
699 3545 783 3628 quod
802 3545 933 3606 Plancus
954 3546 1054 3611 Bursa
1073 3546 1138 3607 Cice·

184 3650 268 3709 ronis
288 3659 365 3709 esset
384 3652 608 3712 inimicissimus
629 3655 740 3733 (epist
761 3653 941 3727 CLXXXI,
965 3658 1015 3736 a).
1038 3655 1134 3718 Maru
1171 3644 1174 3653 ¹

146 3757 184 3817 33
205 3755 290 3817 Libri
311 3776 362 3821 sex
382 3756 421 3817 de
442 3759 484 3818 lle
502 3759 602 3840 prill,¹
622 3758 692 3822 vide
712 3782 759 3844 ap.
780 3761 888 3835 CLIV,
913 3783 938 3824 ι.
