2616 4852
517 328 555 376 su
581 322 773 376 eersronss
1075 304 1146 382 385

132 455 149 513 7
175 431 222 492 En
244 429 382 489 Manutio
403 438 434 488 et
453 427 621 511 Malaspina
643 429 756 512 recepit
775 425 814 487 de
840 428 992 510 parietinas
1018 427 1148 505 Schiitz,

174 541 228 622 qui
251 538 394 599 illustrari
416 537 502 597 aiunt
524 537 626 597 locum
648 536 793 618 epistolae
815 536 973 609 CXCVII,
988 556 1020 610 2,
1035 539 1065 597 in
1087 558 1148 619 qua

174 646 285 707 Cicesu
318 643 465 706 Memmio
492 644 633 704 Patronis
663 645 820 724 negotium
852 643 1063 716 commendat,
1094 648 1147 726 qui

174 752 324 836 quasdam
345 748 472 834 Epicuri
493 751 657 833 parietinas
678 749 735 811 sibi
756 749 796 811 ab
810 750 863 811 illo
877 750 1002 812 concedi
1016 749 1147 813 volebat.

174 859 314 921 Eandem
337 879 403 920 rem
418 858 526 919 Cicero
547 860 644 939 tangit
657 878 703 939 cp.
719 856 888 929 CXCVIII,
896 856 928 918 5.
943 858 1041 919 Huius
1056 861 1149 940 Igitur

174 965 236 1027 loci
255 965 335 1027 hanc
353 986 418 1027 esse
437 966 615 1027 sententiam
635 963 769 1025 defendit
796 963 877 1026 idem
902 963 1084 1026 Schiitzius:
1107 965 1151 1027 Et

176 1075 325 1155 quonium
357 1072 495 1134 Patronis
526 1074 711 1134 mentionem
742 1071 818 1145 feci,
849 1092 928 1155 quae
958 1071 1084 1134 Athenis
1111 1072 1150 1135 de

176 1181 306 1263 EpIcuri
328 1180 482 1262 parietinis
503 1181 530 1240 ei
552 1200 571 1239 a
589 1179 737 1240 Memmio
764 1178 962 1243 concedendis
987 1182 1021 1239 In
1041 1181 1150 1242 itinere

176 1288 304 1348 militari
336 1287 499 1370 proconsul
523 1264 668 1347 ¹laboravi
703 1287 819 1366 (quem
850 1286 1014 1368 parietinas
1042 1306 1151 1348 curare

176 1396 231 1455 vix
250 1405 352 1477 posset
372 1393 483 1476 aliquis
504 1390 680 1475 suspicari),
700 1413 736 1453 ea
756 1392 827 1466 tihi,
848 1395 900 1474 qui
922 1391 997 1454 mibi
1018 1393 1079 1455 hoc
1092 1392 1151 1454 Pa-

177 1503 279 1563 tronis
308 1512 339 1561 et
365 1500 642 1583 condiscipulorum
668 1511 793 1561 tuorum
813 1502 969 1582 negotium
990 1498 1151 1582 diligenter

177 1606 466 1679 commendaveras,
487 1617 578 1689 grata»
589 1607 687 1668 ¹fuisse
707 1606 834 1689 gaudeo.
849 1607 1017 1689 Vulgetum
1035 1606 1074 1668 de
1092 1605 1151 1668 Τα-

176 1716 301 1776 namu
327 1714 468 1797 explanat
499 1715 665 1785 Graevius,
697 1715 814 1794 equites
834 1713 925 1774 fuisse
946 1714 1047 1787 leves,
1073 1714 1150 1776 duos

178 1842 278 1904 equos
305 1821 465 1899 habentes,
491 1831 522 1882 ct
547 1819 664 1882 levibus
692 1819 797 1883 iaculis
817 1820 911 1881 veluti
938 1821 1042 1882 velites
1064 1820 1150 1899 (ital.

179 1928 399 2009 bersogliatori)
421 1926 540 1988 hostem
561 1929 728 2000 irritantes,
748 1947 945 2009 pugnamque
966 1930 1085 1988 dientes.
1103 1928 1151 1988 Dc

179 2039 217 2097 ils
239 2035 382 2096 Aelianus
407 2037 440 2094 in
460 2036 546 2096 Tact.
567 2055 592 2095 c.
613 2033 673 2112 45,
694 2032 820 2106 Suidas,
840 2032 1025 2115 Hesychius,
1045 2033 1151 2095 Livius

179 2142 321 2214 XXXV,
341 2141 402 2213 28,
422 2140 571 2222 Polybius
591 2141 658 2216 XI,
682 2151 712 2202 et
733 2139 824 2214 alibi,
844 2152 875 2202 et
894 2138 1066 2223 Stephanus
1086 2140 1150 2222 By·

180 2251 320 2310 captiuus
340 2251 370 2309 in
393 2259 494 2335 Τάρας.

137 2356 305 2419 8Scilicet
325 2356 459 2416 Hirrum.
492 2355 658 2439 Repulsam
684 2366 787 2419 antem
818 2355 942 2429 tulisse,
967 2354 1101 2438 intellige
1120 2357 1152 2416 in

180 2464 328 2546 petitione
342 2460 515 2535 aedilitatis,
528 2473 564 2523 ut
579 2461 709 2523 vidimus
729 2483 776 2544 ep.
792 2460 889 2536 CCII,
905 2483 923 2522 a
943 2472 974 2524 et
994 2461 1103 2534 CCIII,
1128 2483 1152 2523 1.

181 2569 304 2631 Sororis
324 2580 391 2629 tuae
410 2568 475 2652 filii
500 2581 630 2651 paene,
651 2589 712 2651 qua
732 2567 902 2651 periphrasi
923 2569 1030 2628 Cicero
1052 2570 1152 2629 iocose

182 2697 215 2737 se
236 2678 338 2758 ipsum
368 2675 514 2759 designat.
545 2676 641 2738 Filius
673 2678 753 2736 enim
784 2677 897 2736 sororis
924 2675 1014 2735 Attici
1036 2675 1152 2752 Quinto

182 2782 272 2844 fratri
294 2793 406 2866 nuptae
428 2804 522 2866 nepos
549 2794 615 2846 erat
640 2782 735 2843 Marci
759 2782 919 2844 Ciceronis.
944 2780 1095 2855 Certum,
1122 2783 1153 2840 in

183 2880 332 2973 petitione
352 2900 527 2972 auguratus.
549 2890 584 2951 ln
605 2911 667 2970 seq.
688 2888 828 2950 membro
850 2888 918 2951 edd.
938 2887 1012 2948 Min.
1028 2897 1064 2977 'et
1084 2884 1153 2948 sldi

183 2999 241 3058 hoc
260 2999 362 3078 magni
378 3017 407 3060 a.
427 3019 451 3059 s.
727 3038 729 3043 ·

149 3103 255 3186 plloc
276 3114 341 3178 est,
366 3103 515 3186 indrguasi
539 3102 642 3190 differt
660 3103 854 3166 als-invalere.
886 3103 948 3183 Qui
973 3104 1053 3163 enlm
1074 3100 1153 3163 indi-

188 3222 322 3293 gnatur,
341 3211 424 3272 dolet
443 3212 568 3294 indigno
588 3212 737 3276 honorem
758 3209 880 3287 haberi;
907 3212 960 3293 qui
980 3229 1054 3270 vcro
1074 3209 1152 3270 invi-

186 3319 257 3391 det,
278 3338 314 3380 ex
334 3319 457 3380 alterius
477 3318 565 3382 honis
585 3320 806 3401 aegritudinem
826 3320 923 3402 capit,
951 3328 1005 3378 aut
1025 3317 1154 3379 laetatur

186 3426 262 3487 alios
283 3424 363 3488 male
383 3424 471 3487 affici.
493 3425 561 3488 Hoc
580 3427 647 3488 vult
668 3426 791 3498 Cicero,
812 3445 843 3486 se
863 3445 926 3489 nou
945 3422 1082 3487 invidere
1102 3442 1153 3486 ae-

186 3532 337 3595 dilitatem
360 3532 474 3606 Hirro,
495 3533 546 3596 sed
566 3535 668 3619 potius
688 3529 847 3616 indignari,
893 3564 896 3569 ⁴

198 3977 302 4044 Crosa.
326 3979 368 4043 V.
391 4011 428 4026 -
452 3978 528 4043 tete.
554 3979 589 4041 T.
610 3977 671 4043 IV.
