2616 4852
154 352 224 423 216
482 371 652 419 uprsrona
678 371 810 419 ccxrnx.
927 370 959 418 Α.
977 373 1011 419 v.
1029 374 1056 419 c.
1074 387 1124 434 702

151 485 383 573 personam]7
411 472 585 571 disputata
613 471 856 571 deridiculis,
886 478 1008 564 ἔντεχνα
1033 487 1070 547 et
1092 502 1131 552 ar

152 614 232 698 gula
259 598 495 698 apparebunt,
520 613 560 669 ut
583 612 801 671 sacramento
828 597 1045 700 contendas,
1070 628 1131 679 mer

151 751 223 797 uon
249 751 332 797 esse.
358 724 448 797 Nam
475 724 518 795 de
543 722 679 796 iudiciis
707 723 804 825 quod
826 727 980 826 quereris
993 728 1020 824 ⁸,
1035 727 1131 804 multo

151 850 273 923 laboro
298 851 421 922 minus.
448 849 647 922 Trabantur
679 876 743 949 per
768 877 824 923 me
850 850 1001 951 pedibus
1027 877 1129 926 omues

152 976 224 1073 rei,
257 976 301 1047 sit
325 975 388 1046 'vel
414 975 522 1047 Selius
548 990 621 1048 tam
646 974 831 1077 eloquenS,
861 991 902 1048 ut
927 978 1041 1076 possit
1063 1005 1128 1077 pro·

113 1095 116 1098 ⁴
152 1102 254 1200 hare,
286 1128 322 1174 se
354 1101 521 1174 liberum:
552 1128 625 1175 non
658 1101 791 1174 laboro.
815 1101 1035 1176 Vrbanitatis
1065 1130 1129 1204 pos·

46 1266 49 1270 ’
154 1229 361 1325 sessionem,
386 1227 527 1326 amabo,
543 1227 721 1326 quibusvis
740 1228 965 1300 interdictiss
985 1229 1129 1301 defenda-

153 1380 247 1450 mus3
271 1355 308 1424 in
334 1344 462 1453 quate
486 1380 597 1425 unum
621 1368 762 1448 metuo,
789 1369 979 1427 contemno
1006 1370 1130 1428 ceteros.

154 1480 311 1552 Derideri
336 1494 370 1550 te
397 1480 508 1578 putas}
541 1480 642 1555 Nunc
674 1479 814 1550 demum
846 1480 1003 1579 intelligo
1035 1494 1067 1552 te
1088 1507 1131 1552 sa÷

154 1632 246 1705 pere.
277 1605 346 1677 Sed
371 1604 606 1701 mehercules,
639 1618 732 1676 extra
767 1605 903 1676 iocum:
938 1606 1040 1680 valde
1062 1605 1131 1677 mihi

155 1747 234 1803 tuae
260 1730 378 1802 literae
398 1730 528 1801 facetae
553 1729 795 1828 elegantesque
821 1731 915 1803 visae
935 1745 1025 1801 suut.
1041 1714 1131 1802 Illae

59 1860 67 1923 Ϊ
156 1859 314 1958 quamvis
339 1855 483 1929 ridicula
511 1870 642 1954 essent,
668 1857 758 1927 sicut
783 1870 896 1955 crant,
919 1857 1007 1928 mihi
1033 1872 1131 1928 tamen

71 2073 72 2078 ἵ
155 1985 262 2055 risum
287 2009 359 2055 non
386 1996 580 2055 moverunt.
611 1983 725 2080 Cupio
750 1982 845 2053 enim
869 1972 1036 2061 nostrum⁴
1051 1981 1131 2053 illum

157 2111 307 2180 amicum
326 2126 352 2206 ξ’
388 2109 425 2178 in
458 2108 635 2179 tribunatu
671 2133 774 2208 quam
807 2107 998 2206 plurimum
1023 2107 1131 2180 habere

158 2234 350 2329 gravitatis:
384 2233 422 2304 id
456 2260 562 2332 quum
596 2234 705 2331 ipsius
740 2259 844 2305 causa
870 2242 952 2319 (est
975 2234 1076 2332 mihi,
1104 2244 1131 2303 ut

156 2361 283 2457 scis12,
306 2361 343 2429 in
377 2358 597 2456 amoribus),
631 2375 706 2430 tum
739 2358 936 2430 mehercule
970 2361 1072 2432 etiam
1095 2358 1131 2445 rei

157 2484 326 2585 publicae.
353 2486 469 2576 Quam
495 2484 656 2586 quidem,
690 2485 848 2585 quamvis
873 2487 911 2557 in
937 2512 992 2557 me
1017 2488 1131 2583 ingrata

157 2613 202 2682 sit
222 2613 265 2710 ¹³,
302 2637 416 2682 amare
454 2637 527 2683 non
565 2610 729 2683 desinam.
768 2611 846 2710 Tu,
882 2613 931 2682 mi
963 2609 1131 2703 Volumni,

157 2738 298 2836 quando
324 2751 359 2808 et
384 2737 562 2808 instituisti
582 2736 627 2834 ¹4,
662 2750 697 2806 et
731 2736 816 2806 mihi
851 2736 949 2808 rides
976 2763 1049 2808 esse
1072 2759 1131 2832 gra·

157 2875 255 2961 tum,
291 2863 403 2934 scribe
441 2861 485 2934 ad
518 2889 575 2932 me
608 2887 712 2961 quam
744 2862 945 2960 saepissime
980 2859 1129 2933 derebus

156 2987 315 3085 urbaniS,
342 2988 384 3058 de
410 2976 620 3085 republica.
647 2987 824 3058 Iucundus
850 3001 903 3058 est
928 2985 1014 3057 mihi
1039 3005 1126 3056 sermo

157 3111 334 3183 literarum
357 3126 517 3184 tuarum.
554 3116 739 3184 Praeterea
776 3095 1012 3210 Dolabellam,
1047 3131 1124 3210 quen

158 3264 222 3336 ego
248 3239 422 3336 perspicio
448 3252 484 3310 et
507 3238 624 3311 iudico
645 3242 675 3288 ¹5
701 3237 967 3337 cupidissimum
997 3263 1062 3309 esse
1077 3243 1121 3331 ¹at-

159 3389 227 3462 que
252 3363 526 3434 amantissimum
559 3365 641 3462 mei,
674 3363 875 3461 cohortare,
905 3377 941 3434 et
963 3362 1121 3450 confirma,

160 3501 195 3557 et
226 3488 334 3559 redde
355 3491 390 3560 ¹⁶,
415 3487 519 3588 plane
554 3515 679 3560 meum.
718 3488 800 3561 Non
832 3487 1040 3582 mehercule,
1071 3506 1123 3588 quo

75 3602 77 3606 Α
161 3610 346 3712 quicquam
372 3613 461 3687 desit
476 3631 515 3711 ι7,
540 3613 602 3685 sed
628 3615 708 3714 quia
733 3611 837 3688 valde
862 3613 985 3714 cupio,
1006 3636 1080 3686 non
1097 3606 1130 3682 ri·

62 3768 66 3774 ·
161 3737 246 3810 deor
271 3738 610 3836 nimium,laborare.
