2616 4852
157 343 229 417 310
526 358 697 410 arrsrom
722 360 795 407 ocu.
941 359 974 409 Α.
992 362 1028 411 v.
1044 364 1072 411 c.
1089 363 1133 424 70³

154 468 267 541 Bruto
292 490 365 538 non
389 463 584 566 probatur,
608 465 748 563 nescio,
774 489 836 535 cur
860 460 961 535 illum
988 491 1152 568 amemus,

156 592 219 668 sed
245 590 422 666 avunculo
448 593 566 662 eius⁵⁶
593 605 688 663 certe
713 589 940 690 probabitur,
959 595 1153 692 praesertim

156 747 264 822 quum
281 732 422 793 senatus
440 718 641 791 consultum
658 716 768 791 modo
787 717 921 790 factum
941 719 1005 819 sit,
1020 734 1108 820 puto
1119 724 1151 822 ⁵7,

154 860 343 949 postquam
370 859 408 918 tu
435 871 472 917 es
497 845 697 945 profectus,
729 845 767 917 in
797 843 1014 919 creditorum
1040 873 1152 948 causa,

155 989 196 1047 ut
221 973 431 1047 centesimae
457 987 630 1077 perpetuo
656 971 774 1044 fenore
801 969 1063 1046 ducerentur⁵³.
1082 975 1151 1079 Hoc¹

155 1099 242 1204 quid
265 1100 420 1198 intersit,
445 1099 474 1170 si
501 1112 581 1170 tuos
608 1098 737 1196 digitos
762 1100 850 1173 novi
864 1101 910 1198 ⁵9,
936 1096 1030 1173 ceite
1054 1099 1150 1173 habes

154 1223 377 1299 subductum.
403 1226 446 1297 In
473 1250 543 1324 quo
570 1224 733 1324 quidem,
759 1227 831 1295 όδσῦ
852 1235 1015 1320 πάρεργον,
1029 1228 1149 1300 Lucce-

154 1352 209 1425 ius
234 1353 281 1424 Μ.
299 1353 339 1424 F.
357 1353 513 1452 queritur
539 1349 637 1450 apud
661 1377 718 1422 me
744 1376 808 1450 per
832 1349 968 1451 literas,
988 1378 1148 1425 summum

155 1502 231 1551 esse
256 1477 473 1578 periculum,
511 1503 557 1549 ne
591 1468 704 1578 culpa
718 1490 886 1583 semma,
910 1477 966 1551 his
993 1476 1147 1578 decretis,

153 1631 209 1678 res
236 1605 284 1697 ad
307 1603 443 1678 tabulas
469 1629 581 1678 novas
598 1608 630 1655 ⁶⁰
656 1606 852 1705 perveniat.
879 1604 1154 1705 Commemorat,

155 1730 242 1832 quid
267 1731 351 1803 olim
377 1730 461 1803 mali
487 1732 525 1804 C.
553 1729 662 1804 Iulius
688 1731 830 1830 fecerit,
856 1758 966 1832 quum
992 1730 1162 1827 dieculam

155 1856 295 1931 duxerit
310 1862 363 1932 ⁶¹:
401 1885 595 1959 numquam
621 1859 671 1933 rei
697 1838 860 1959 publicae
890 1858 982 1958 plus.
1022 1860 1088 1933 Sed
1102 1859 1171 1963 etl

154 2009 229 2057 rem
265 1984 381 2057 redeo.
420 1985 592 2059 Meditare
629 1984 798 2059 adversus
834 1987 985 2058 Brutum
1021 2012 1177 2063 causatu

153 2135 286 2184 meam:
312 2113 341 2183 si
366 2110 454 2184 haec
480 2139 585 2185 causa
611 2124 682 2210 est,
707 2126 832 2186 'contra
857 2136 965 2214 quarn
988 2113 1075 2187 nihil
1095 2113 1188 2185 ho·-

153 2250 254 2335 nesto
280 2237 351 2309 dici
375 2251 510 2338 potest,
536 2239 743 2340 praesertim
760 2264 876 2379 quum
900 2240 1071 2339 integram
1084 2264 1192 2313 rern

154 2374 191 2434 et
217 2388 358 2434 eausam
382 2363 589 2465 reliquerim.

204 2515 229 2589 9
254 2488 401 2591 Reliqua
422 2505 505 2564 sunt
523 2492 725 2565 domestica.
742 2493 796 2566 De
815 2492 972 2587 ἕνδομύχῳ
986 2495 1021 2542 ⁶²
1020 2490 1192 2593 p,rol›c

153 2614 266 2715 idem,
292 2616 471 2717 quod,
414 2631 453 2689 tu
496 2620 583 2691 Post
569 2620 698 2691 tumiae
725 2620 764 2691 F
782 2620 833 2719 ⁶³,
850 2614 1075 2732 quoniam
1038 2616 1192 2692 Ponti.-

33 2772 40 2784 ·
154 2743 212 2815 dia
238 2757 399 2842 nugatur
425 2744 497 2818 Sed
521 2744 647 2817 vellem
674 2745 822 2819 adesses.
840 2747 1040 2837 AQuinto
1056 2719 1192 2819 fratr

152 2868 208 2943 his
246 2870 426 2944 mensibus
463 2871 552 2944 nihil
568 2871 602 2937 64
639 2873 861 2973 exspectaris.
898 2871 991 2946 Nam
1024 2874 1192 2945 Tauru

154 3011 303 3096 propter
327 2999 427 3071 nives
454 3013 535 3071 ante
561 3025 717 3072 mensem
749 3000 889 3071 Iunium
922 3001 1062 3072 transiri
1084 3018 1192 3070 nc)

152 3134 280 3222 potest.
306 3123 521 3220 Thermum,
557 3140 598 3198 ut
635 3152 759 3224 rogas,
779 3112 1017 3200 ¹creberrimis
1050 3120 1192 3198 litet-‘T

152 3246 259 3320 fulcio
278 3251 319 3321 66.
345 3252 384 3323 Ρ.
409 3250 591 3324 Valerium
608 3256 640 3303 66
673 3266 780 3352 negat
811 3252 942 3326 habere
974 3254 1192 3356 quicquan

152 3373 339 3451 Deiotarus
365 3403 442 3477 rex,
463 3405 612 3481 eumque
639 3381 688 3452 ait
713 3407 733 3451 a
760 3406 796 3452 se
823 3364 1019 3454 sustentari.
1041 3380 1192 3470 Q'uu

153 3501 257 3600 scies,
282 3504 415 3576 Romae
442 3505 687 3579 intercalatum
713 3509 759 3578 sit
771 3509 815 3604 ⁶⁷,
839 3532 969 3604 necne,
988 3488 1091 3579 velim
1187 3562 1192 3575 .

151 3651 209 3698 me
234 3628 365 3703 scribas
402 3646 559 3732 certum,
597 3659 668 3735 quo
706 3632 763 3705 die
801 3633 967 3731 mysteria
985 3634 1016 3683 66
1038 3629 1192 3713 futu

151 3752 230 3826 sint.
255 3756 391 3830 Literas
416 3771 495 3832 tuas
531 3760 646 3832 minus
683 3758 803 3858 paullo
829 3773 1015 3858 exspecto,
1043 3783 1192 3864 (sug

151 3880 181 3950 si
205 3881 337 3955 Romae
363 3908 470 3984 esses,
496 3886 559 3958 sed
585 3900 704 3957 tamen
730 3899 905 3984 exspecto.
