2616 4852
267 350 353 442 dni
648 360 918 414 tunortrroues

284 494 314 533 ιι
339 476 468 552 Arguto,
488 488 544 550 pro
566 467 660 547 legisti
683 464 764 548 apud
789 464 985 526 Clitarchum.
1007 463 1128 527 Maurice
1147 467 1216 528 Mox
1233 468 1268 530 od

317 577 541 659 irficstissimom,
560 571 733 634 latrociniis.

283 707 317 745 12
338 684 398 744 Zel.
419 685 445 743 A
465 683 598 765 quintum
617 692 648 739 et
667 680 841 754 νὶοεείωιυης
863 678 934 739 Rec.
955 678 1131 760 vigesimum.

285 792 319 852 13
340 791 390 850 Sic
408 790 546 872 plerique
564 808 633 848 mss.
653 785 739 847 Idem
752 785 866 869 placuit
884 787 908 846 I.
927 786 964 846 F.
985 786 1161 860 Gronovio,
1181 797 1211 847 ct
1229 810 1269 848 re·

317 901 396 980 cepit
415 895 599 956 Benedictus.
620 893 722 975 Vulgo
743 894 855 975 opibus.
876 892 997 953 Schiitz.
1017 893 1087 954 Nisi
1105 915 1212 955 nomen
1229 917 1271 977 op·

312 1004 396 1086 pidi,
415 1005 471 1063 nlsi
492 1014 526 1063 ut
545 1000 775 1061 Pindenissenus
794 999 1015 1084 appellaretur,
1026 1011 1065 1062 ut
1084 999 1189 1085 Scipio
1199 1002 1272 1063 ttri-

316 1131 407 1170 canus
427 1107 467 1168 ab
487 1108 588 1169 Africa
608 1107 739 1179 devicta,
760 1107 880 1188 aliique.

282 1216 374 1293 1411.
394 1237 420 1276 e.
446 1215 485 1275 ad
511 1212 648 1275 consules
672 1213 785 1276 Praett.
814 1213 922 1276 Tribb.
945 1215 987 1298 pl.
1014 1215 1159 1290 Senatui,
1178 1227 1213 1278 nt
1235 1227 1271 1277 est

317 1343 362 1404 cp.
383 1321 515 1382 CCXXI.

281 1427 316 1488 15
336 1427 428 1508 Abest
447 1427 480 1489 id
497 1449 517 1488 a
536 1427 597 1488 zet.
617 1426 651 1488 B.

279 1534 315 1597 16
335 1535 392 1596 Alii
419 1537 511 1596 serius
531 1537 589 1616 (ut
614 1545 675 1594 tres
699 1532 876 1614 Ambros.);
902 1535 954 1595 sed
977 1534 1057 1598 nihil
1083 1538 1266 1599 mutandum.

318 1645 394 1703 Nam
414 1643 522 1725 spisso,
541 1651 662 1725 practer
674 1639 827 1702 densitatis
840 1645 1010 1725 notionem,
1024 1646 1119 1704 etiam
1132 1644 1266 1706 tarditatis

317 1761 374 1822 est,
394 1761 429 1810 ut
449 1748 591 1831 exemplis
612 1747 753 1831 probavit
765 1749 878 1809 Nonius
898 1749 1069 1812 Marcellus.
1092 1749 1201 1812 cellar.
1219 1752 1266 1822 Et,

315 1858 459 1938 quoniam
478 1856 577 1938 spissis
596 1855 711 1937 liquida
737 1866 947 1939 opponuntun,
966 1857 1083 1917 factum
1107 1870 1169 1927 est,
1187 1870 1219 1919 ut
1235 1859 1262 1918 t·-

315 1962 405 2046 quido
432 1983 490 2046 pro
501 1961 595 2045 saoile
617 1973 731 2023 veteres
758 1966 982 2045 usurpaverint3
1005 1985 1077 2047 epp.
1097 1965 1262 2027 Dccxva

314 2071 392 2131 med.
414 2082 444 2129 et
463 2069 623 2129 DCCCIV.
645 2069 760 2130 Monut.
785 2069 893 2130 Paullo
920 2091 1011 2152 supra
1032 2071 1158 2133 ridetur
1177 2073 1259 2154 legen·

313 2175 386 2234 dum
402 2155 618 2258 quamprinium
639 2187 672 2233 ut
688 2176 760 2236 mihi
769 2174 958 2249 succedatur,
978 2177 1027 2238 vel
1040 2181 1066 2239 si
1083 2180 1210 2260 primum
1221 2200 1258 2238 ve·

315 2301 383 2340 rum
404 2291 463 2352 est,
483 2278 575 2342 habet
593 2281 649 2342 sibi
667 2281 851 2365 respondens
862 2283 1035 2346 illud-ne
1047 2285 1124 2370 quid
1135 2289 1256 2368 miditp.

685 2523 860 2586 CCXXVII.
949 2558 950 2561 ¹

276 2729 287 2766 1
312 2707 362 2768 sic
382 2730 428 2790 ep.
449 2709 601 2770 CCXXIV
621 2710 685 2769 init.
705 2711 745 2770 In
763 2712 798 2772 iis
817 2713 893 2772 enin
910 2732 975 2772 sum
988 2713 1059 2774 locis
1074 2716 1124 2794 (in
1139 2702 1255 2790 cilicini,

309 2837 368 2896 quo
388 2828 416 2874 ct
432 2827 557 2899 propter
575 2816 826 2900 longinquitatem,
844 2830 874 2878 et
890 2833 1015 2902 propter
1033 2822 1186 2884 latrocimis
1203 2834 1251 2881 tar-

309 2920 424 2981 dissime
444 2923 541 2982 omnia
558 2921 752 3004 perferuntur.

271 3049 288 3085 a
311 3027 419 3088 Ambb.
440 3028 501 3089 fere
522 3051 641 3102 omnes,
655 3041 685 3092 et
697 3031 769 3092 Rec.
789 3045 821 3094 ut
832 3032 995 3109 moderere,
1010 2988 1251 3118 quenadmodum

310 3154 356 3214 ep.
378 3134 604 3208 CLXXXVIII,
625 3155 643 3196 2
663 3157 682 3196 a
701 3137 779 3198 med.
801 3151 833 3199 ut
851 3141 1018 3215 subvenias,
1035 3141 1215 3213 ut—-dices5
1230 3149 1252 3198 ct

310 3237 388 3297 iufra
409 3239 496 3300 Amb.
517 3250 584 3301 tert.
601 3262 619 3301 a
637 3251 749 3304 oman.
769 3265 822 3305 neo
843 3257 870 3306 te
889 3265 917 3308 a.
938 3246 1127 3311 Abstrahunt
1145 3251 1177 3311 in
1194 3247 1250 3308 alias

309 3355 418 3424 partes.
439 3347 590 3420 Aliorum,
610 3359 685 3432 puta
704 3351 746 3412 M.
767 3353 897 3414 Antonii.
1009 3394 1011 3398 .

270 3451 288 3508 3
310 3449 398 3511 Amb.
421 3454 439 3513 3
458 3453 579 3529 αιιάιὶιε,
600 3467 630 3518 et
650 3457 728 3518 infra
752 3458 787 3520 15
807 3462 855 3521 cui
872 3450 985 3522 scribes

265 3557 394 3631 4Amb.
419 3557 455 3620 15
476 3566 619 3646 temporis.
641 3566 761 3626 Tertius
782 3579 812 3627 et
831 3568 901 3628 Rec.
924 3570 1071 3631 omittunt
1092 3569 1132 3630 id.

267 3662 288 3722 5
307 3661 387 3725 Nihil
409 3667 501 3747 igitur
520 3672 592 3730 novi
610 3673 804 3753 'cogitandum
825 3677 905 3735 exitu
925 3697 1031 3737 rerum
1056 3679 1180 3737 Incerto.
1207 3674 1249 3732 Tl⁴

307 3781 369 3831 met
389 3773 527 3836 Curionis
547 3777 703 3861 multiplex
728 3782 897 3862 ingenium,
917 3782 1033 3865 nequid
1054 3785 1086 3843 in
1107 3805 1169 3868 rep.
1191 3779 1247 3841 novi

173 3881 180 3893 ‘
211 3966 215 3977 Ι
307 3877 481 3956 molis-etur,
501 3902 554 3967 spe
578 3885 704 3949 alicuius
724 3887 797 3950 boni
817 3892 993 3972 proposita3
1015 3892 1101 3975 quod
1121 3902 1151 3954 et
1168 3891 1245 3951 Iacere
