2616 4852
167 345 235 394 rao
354 356 358 361 ·
517 334 688 386 rrrsrona
712 335 817 382 ccxn.
942 330 975 377 ι
991 332 1028 379 v.
1044 331 1073 378 c
1091 345 1137 392 ,οι

160 440 336 517 Publioel
361 452 510 542 propter
534 441 622 513 duas
646 464 770 512 causas
792 433 883 508 nihil
905 435 1048 535 scripsi:
1064 433 1160 534 quod

158 584 196 642 et
217 571 336 670 ipsum
359 569 638 665 Commagenum
660 565 767 663 legati
794 561 967 635 dicebant·
988 560 1040 635 ad
1060 580 1168 635 ἰιιιιιι-Ι

158 708 235 768 tum
258 695 379 768 statim
408 695 552 767 nuntios
583 692 772 793 literaeque
795 690 932 763 misisse
939 717 951 788 5
982 690 1161 787 stetisti·

157 818 318 920 mabam,
341 820 390 892 Μ.
414 817 580 892 Bibulum
613 814 862 921 proconsulem
877 817 910 915 ⁵5
939 817 1001 917 qni
1025 816 1162 889 circiter

157 946 243 1046 Idus
268 944 414 1019 Sextiles
438 944 484 1017 ab
508 943 655 1045 Epheso
679 946 718 1021 in
743 926 883 1044 Syriaiu
906 938 1059 1021 navibus
1079 952 1160 1051 pro·

158 1074 269 1165 liectus
293 1086 386 1172 erat,
401 1072 500 1174 quod
524 1072 699 1148 secundos
724 1085 852 1149 ventos
869 1066 1159 1179 habuisset,'iam

158 1199 196 1270 in
220 1199 441 1299 provinciam
465 1225 565 1271 suam
588 1200 813 1298 pervenisse3
830 1200 928 1271 cuius
951 1194 1070 1295 Ιιφιν
1089 1221 1159 1293 otn-

157 1326 217 1398 nia
248 1325 397 1398 certiora
432 1325 606 1427 perlatum
637 1326 680 1398 iri
713 1324 759 1398 ad
794 1337 956 1399 senatum
980 1323 1156 1424 putabam.

157 1449 264 1550 Mihi,
286 1464 329 1524 ut
351 1452 390 1522 in
412 1450 616 1527 huiusmodi
639 1478 695 1551 re,
719 1465 891 1554 tantoque
913 1449 1034 1551 bello²
1050 1450 1155 1535 maxi·

156 1602 236 1649 mae
260 1602 364 1649 curae
390 1591 460 1677 est,
484 1591 542 1679 ut,
567 1604 657 1680 quiae
690 1579 805 1678 copiis
827 1590 868 1651 et
886 1577 1030 1679 opibus,
1043 1556 1155 1657 tenete

156 1703 218 1775 vix
246 1704 420 1803 possimus
437 1707 464 1804 ⁶,
500 1731 540 1777 ea
572 1703 843 1778 mansuetudine
876 1717 913 1776 et
945 1703 1152 1776 continentia

157 1842 296 1928 nostra,
327 1831 504 1904 sociorum
536 1831 706 1904 fidelitate
730 1844 920 1904 teneamus.
949 1831 1009 1903 Tu
1033 1829 1150 1929 velim,

158 1969 200 2033 ut
224 1958 417 2057 consuesti,
441 1983 507 2032 nos
534 1958 697 2033 absentes
721 1957 844 2058 diligas
868 1971 905 2033 et
930 1956 1106 2033 defendas.

581 2211 742 2285 OCXHI·
896 2251 953 2310 (ιι
969 2251 1024 2298 niv.
1039 2251 1128 2311 ιιι,σ)

156 2384 378 2466 Argumentum.
404 2368 552 2464 Queritur
582 2409 792 2470 congressum,
812 2411 830 2448 a
851 2411 883 2450 se
910 2391 1093 2471 expetitum,
1114 2383 1144 2446 ab

196 2493 295 2574 Appio
314 2495 454 2555 vitatum:
468 2494 598 2556 ostendit
618 2508 736 2570 tamen,
748 2519 780 2558 se
793 2498 826 2577 ei,
841 2497 907 2557 lore
927 2499 1142 2557 amicissimum:

194 2610 239 2670 et,
254 2611 287 2659 ut
307 2600 408 2660 locum
430 2604 605 2674 constituat,
624 2602 678 2662 ubi
700 2607 862 2665 convenire
882 2605 1019 2686 possint,
1043 2605 1085 2662 sui
1105 2600 1142 2659 iti·

194 2709 275 2767 neris
294 2710 427 2769 rationes
447 2708 642 2779 demonstrat.

215 2988 217 2993 .
236 2982 239 2987 .
257 2984 261 2991 .
280 2939 335 2992 Ser.
352 2941 379 2993 in
396 2943 491 2995 itinera
507 2960 555 3013 per
572 2942 761 3013 Cappadociam
778 2946 810 2996 Δ.
828 2944 862 2998 V.
879 2943 909 2999 C.
928 2943 1042 3011 DCCll,

522 3039 598 3093 uitro
613 3041 708 3092 menso
723 3039 795 3110 sepi.
821 3079 825 3087 .
841 3049 845 3055 ¹

281 3249 325 3312 M.
351 3249 387 3313 Τ.
413 3251 559 3319 CICERO
582 3254 703 3321 APPIO
727 3255 911 3323 PVLCHRO
939 3257 970 3320 S.
994 3258 1034 3321 D.

186 3463 323 3554 ‚Quum
347 3490 466 3538 meum
492 3469 623 3543 factum
638 3488 729 3545 'oum
756 3485 851 3544 tuo¹
879 3496 1069 3573 comparo,
1096 3466 1149 3546 eui

151 3614 225 3661 non
250 3592 362 3688 magis
388 3592 475 3664 mihi
500 3596 602 3671 faveo
628 3599 666 3670 in
690 3614 812 3673 nostra
838 3600 992 3673 amicitia
1014 3600 1150 3692 tuenda,

152 3728 258 3817 quam
284 3717 371 3791 tibi:
405 3733 524 3795 tamen
557 3725 669 3799 multo
702 3728 813 3825 magis
837 3751 918 3799 meo
944 3727 1042 3802 lucto
1068 3728 1152 3801 dele

152 3858 245 3943 ctos,
270 3871 377 3945 quam
402 3861 473 3922 tuo.
508 3852 587 3950 Ego
613 3856 706 3926 enim
730 3853 905 3928 Brundisii
934 3857 1094 3956 quaesivi
1118 3872 1153 3928 et
