2616 4852
256 333 305 427 64
596 352 766 402 nrrsrona
793 355 938 402 cxcvnr.
1040 351 1073 409 Α.
1087 355 1121 400 v.
1139 357 1169 402 c.
1188 369 1235 416 ⁷⁰²

308 461 330 532 3
355 457 546 558 Pompeius
571 456 659 528 mihi
685 481 825 559 qnoque
843 455 1028 531 videbatur
1044 455 1162 558 (quod
1179 458 1262 530 scri-

255 587 311 658 bis
327 585 526 658 Varronem
552 582 689 673 dicere)
714 583 752 655 in
769 582 1007 688 Hispaniam⁶
1024 596 1120 656 certe
1141 584 1262 658 itums.

255 711 298 792 Id
323 737 388 811 ego
413 700 561 790 minime
581 685 793 810 pr'ob'alram3
811 708 871 809 qui
888 706 1031 816 quidem
1048 707 1264 811 Theophani

256 836 355 914 facile
380 837 536 939 persuasi
543 892 554 939 7
578 820 767 911 nihil‘esse
793 831 932 939 melius,
957 860 1063 935 quam
1087 861 1264 944 nusquam

256 965 355 1038 illum
381 963 560 1037 discedere
579 982 603 1035 ⁷.
634 964 732 1062 Ergo
762 962 918 1049 Graecus
935 960 1166 1057 {incumbet
1191 963 1265 1037 Va·

257 1091 307 1167 let
332 1105 451 1163 autem
476 1089 666 1166 auctoritas
692 1088 766 1160 eius
792 1086 889 1187 apud
913 1086 1012 1159 illum
1037 1087 1239 1187 plurimum.

308 1220 331 1311 4
355 1220 433 1316 Ego
459 1217 522 1290 lras
547 1216 661 1316 pridie
680 1204 816 1287 Nonas·
833 1213 1008 1306 Quintiles
1034 1216 1265 1315 proficiscens

258 1344 404 1423 Athenis
430 1343 529 1440 dedi;
554 1367 664 1444 quum
687 1341 736 1414 ibi
763 1341 886 1445 decem
905 1341 1002 1441 ipsos
1018 1340 1161 1420 fuissem
1180 1341 1265 1421 dies,

257 1471 415 1544 Venerat
445 1469 643 1544 Pomtinius
661 1486 694 1567 93
727 1493 798 1541 una
831 1468 894 1541 Cn.
924 1466 1109 1568 volusian
1143 1467 1268 1547 aderat

259 1611 443 1701 quaestum
466 1611 546 1676 tuus
571 1621 663 1673 unus
686 1593 824 1687 Tullius
849 1592 979 1670 aberat.
995 1598 1157 1695 ⁸(Appium
1173 1594 1267 1676 Rho·

260 1725 423 1824 diorum,
453 1737 491 1822 et
515 1723 653 1803 dicrota
678 1704 975 1822 Mitylenaeomm
1002 1719 1199 1822 habebam
1228 1737 1267 1811 et

262 1850 393 1954 aliquid
418 1855 572 1921 ἑπικώπων
590 1865 631 1921 ¹⁰.
663 1850 717 1922 De
745 1847 886 1922 Parthis
905 1863 934 1899 ¹¹
968 1862 1044 1922 erat
1075 1846 1282 1922 silentium·

204 1989 206 1993 '
260 1978 369 2074 Quod
400 1990 577 2082 superest,
610 1974 658 2047 dii
691 1976 823 2048 iuvent.
853 1975 928 2049 Nos
961 1975 1077 2048 adhuc
1109 1975 1179 2050 iter
1204 2002 1265 2076 per

261 2105 445 2178 Graeciam
461 2127 606 2186 ,summa
633 2128 714 2176 cum
740 2101 974 2223 admiratione
1000 2102 1156 2176 fecimus.
1192 2103 1264 2178 Neo

223 2239 226 2243 ’
260 2229 458 2302 mehercule
474 2228 605 2331 habeo,
619 2227 716 2329 quod
734 2228 851 2304 adhuc
868 2255 975 2333 quem
991 2245 1156 2303 accusem
1171 2255 1264 2304 meo-

260 2383 348 2428 rum.
374 2354 551 2432 Videntur
575 2354 662 2426 mihi
687 2381 791 2428 nosse
816 2381 900 2454 nos,
925 2369 1082 2432 nostram
1108 2382 1265 2458 causam,

261 2495 298 2554 et
322 2481 562 2554 conditionem
588 2480 818 2582 profectionis
844 2507 936 2554 suae
951 2505 956 2532 -·
973 2481 1084 2556 Plane
1108 2483 1266 2557 serviunt

261 2608 511 2682 existimationi
535 2634 643 2687 meae.
677 2608 786 2701 Quod
819 2622 996 2709 superest,
1023 2608 1053 2681 si
1079 2634 1204 2683 verum
1227 2608 1266 2680 il÷

261 2734 324 2808 lud
342 2749 411 2836 est,
430 2736 477 2805 eia
494 2741 554 2830 γ’γ’,
580 2737 735 2836 δέσποινα,
759 2750 853 2809 certe
878 2734 1146 2837 permanebunt.
1173 2732 1268 2813 Nihil

195 2925 197 2931 .
262 2864 356 2936 enim
381 2889 401 2935 a
427 2889 483 2941 me
509 2864 584 2937 fieri
608 2864 657 2936 ita
690 2862 881 2963 videbunt,
913 2877 954 2936 ut
986 2830 1052 2936 sibi
1085 2861 1133 2935 sit
1158 2860 1268 2935 delin-

262 2988 393 3088 quendi
416 2988 526 3066 locus.
553 2989 615 3060 Sin
639 2988 678 3062 id
702 3015 828 3090 parum
854 2988 1040 3088 profuerit,
1056 2990 1119 3065 fiet
1135 2986 1269 3090 aliquid

263 3139 283 3185 a
308 3114 412 3187 nohis
437 3115 600 3188 severius.
635 3114 727 3188 Nam
752 3115 868 3190 adhuc
893 3114 1037 3193 lenitate
1064 3112 1186 3192 dulces
1211 3142 1269 3188 sua

261 3265 365 3339 mus3'
390 3253 442 3338 et,
473 3254 514 3313 ut
546 3266 667 3342 spcr0,
700 3243 903 3342 proficimus
937 3240 1165 3342 aliquantum.
1200 3239 1270 3313 Sed

263 3392 328 3464 ego
353 3365 459 3465 hanc,
483 3382 523 3439 ut
548 3367 675 3466 singuli
701 3368 840 3467 dicunt⁷
865 3373 983 3470 ἀνεξίαν
1006 3369 1045 3440 in
1069 3394 1182 3439 unum
1208 3393 1270 3438 an-

262 3519 348 3565 num
373 3493 561 3568 meditatus
587 3522 673 3568 sum.
699 3496 854 3569 Proinde
878 3521 1013 3597 pugna,
1038 3482 1101 3593 ne,
1126 3495 1157 3567 si
1184 3492 1271 3596 quid

262 3633 490 3727 prorogatum
516 3623 580 3722 sit,
605 3620 717 3723 turpis
743 3622 902 3697 inveniar
922 3639 960 3693 ¹².

314 3745 336 3826 5
363 3747 465 3821 Nunc
491 3748 597 3828 redeo
623 3748 669 3822 ad
695 3776 752 3849 ea,
777 3763 866 3852 quae
881 3755 911 3802 ¹³
937 3747 1024 3824 mihi
1049 3747 1209 3820 mandas.
1229 3748 1272 3821 In

260 3875 445 3972 praesectis
478 3887 643 3952 excusato
650 3904 660 3977 3
697 3878 759 3979 iis,
798 3904 886 3986 quos
921 3875 1020 3957 voles
1040 3875 1090 3974 ¹4,
1125 3873 1274 3956 defertu
