2616 4852
185 343 256 420 206
502 364 675 413 arrsroca
702 323 864 412 ccxxvnr.
966 359 997 411 Δ.
1010 367 1046 412 ν.
1065 365 1124 426 c.7

181 497 269 572 qnae
295 467 453 541 Ciliciam
480 467 635 565 attingit,
669 492 711 538 eo
743 465 906 563 consilio,
931 479 972 537 ut
997 479 1035 537 et
1059 467 1125 538 Aru

178 599 255 668 nius
279 610 306 644 ¹¹
334 591 562 690 Artavasdes,
587 605 623 663 et
649 592 716 691 ipsi
741 589 864 663 Parthi
888 590 1119 691 Cappadocia

178 720 315 794 excludi
340 732 512 818 putarent.
540 720 660 807 Quum
686 716 759 789 dies
778 717 930 816 quinque
952 715 998 788 ad
1016 717 1125 817 Cybis

177 845 473 947 [Cappadociae]
489 860 518 894 ¹²
544 858 657 916 castra
683 842 904 940 habuissem,
938 844 1070 916 certior
1103 872 1125 918 ει

175 976 307 1071 factuS,
340 970 489 1043 Parthos
520 968 649 1042 abillo
676 969 773 1041 aditu
800 967 1050 1068 Cappadociae
1074 953 1125 1042 lor

175 1099 312 1196 abesse,
337 1096 478 1170 Ciliciae
504 1097 612 1193 magis
637 1096 829 1172 imminere.
848 1097 1126 1197 Itaque’cousest

65 1214 66 1220 ἵ
173 1226 240 1297 iter
263 1225 300 1296 in
324 1222 482 1296 Ciliciam
515 1221 580 1297 leci
612 1248 677 1322 per
701 1223 807 1295 Tauri
833 1219 936 1321 pylas
956 1223 995 1294 ¹³.
1027 1222 1125 1297 Tarsi

173 1352 254 1424 reni
280 1347 309 1423 a.
337 1348 368 1421 d.
394 1350 447 1422 ΙΙΙ
472 1348 592 1422 Nonas
626 1348 777 1447 Octob.,
809 1347 891 1419 inde
924 1346 969 1420 ad
1000 1347 1125 1422 Amani

174 1475 358 1574 contendi,
391 1475 450 1577 qui
483 1475 621 1574 Syriam
653 1502 672 1546 a
699 1475 819 1548 Cilicia
852 1499 1024 1576 equanam
1057 1474 1125 1548 div<

168 1605 219 1678 tio
235 1601 265 1668 14
285 1601 424 1701 dividit,
450 1602 509 1702 qni
535 1627 638 1674 mons
665 1615 740 1673 erat
763 1601 918 1674 hostium
943 1600 1070 1701 plenus
1088 1627 1125 1674 se

168 1730 396 1830 piternorum.
421 1727 489 1800 Hic
516 1754 544 1801 a.
572 1726 604 1799 d.
630 1729 684 1801 ΙΙΙ
705 1727 788 1799 Idus
807 1728 980 1801 Octobres
1006 1755 1125 1828 magur

168 1882 352 1929 numerum
377 1853 531 1928 hostium
558 1853 750 1927 occidimus
770 1857 811 1926 ¹5.
836 1854 987 1933 Castella
1003 1857 1125 1931 'munit‘

166 1984 272 2081 sima,
304 1995 480 2054 nocturno
507 1982 672 2053 Pomtiuii
701 1980 872 2079 adventu,
904 1994 1027 2054 nostro
1056 1994 1125 2054 mat

164 2110 259 2206 tino,
285 2109 460 2206 cepimus,
483 2106 712 2200 incendimus.
740 2108 976 2207 Imperatores
994 2107 1125 2208 ,appella

165 2261 288 2334 snmus
304 2236 342 2304 ¹⁶.
370 2235 495 2306 Castra·
519 2258 650 2332 paucos
676 2232 751 2344 dies
776 2219 983 2331 habuimus,
1009 2260 1051 2306 ea
1075 2235 1125 2334 ips

164 2385 253 2460 quae
279 2373 402 2431 contra
433 2359 580 2432 Darium
612 2345 783 2435 habuerat
816 2358 911 2458 apud
942 2361 1057 2432 Issum
1085 2358 1125 2434 Al·

89 2527 93 2539 ι
162 2471 310 2584 xorrder,
339 2491 528 2586 imperator
552 2485 648 2559 haud
665 2484 792 2585 paullo
817 2484 958 2585 melior,
977 2513 1081 2588 qnam
1102 2511 1125 2560 ar

160 2625 217 2709 tu,
243 2625 303 2685 aut
329 2637 403 2710 ego
428 2611 482 2685 Ibi
511 2611 584 2685 dies
610 2613 764 2713 quinque
789 2613 934 2711 morati,
965 2612 1125 2717 direptor

160 2751 299 2811 vastato
325 2740 480 2837 Amano,
504 2738 586 2811 inde
613 2738 841 2812 discessimus.
872 2738 947 2812 Scis
975 2722 1069 2811 enim
1093 2737 1125 2810 di

161 2863 333 2964 quaedam
358 2868 486 2959 πανικὰ,
506 2864 575 2937 dici
591 2865 676 2935 item
702 2868 740 2934 τὰ
765 2869 834 2933 κενὰ
859 2873 912 2935 τοῦ
936 2869 1076 2958 πολέμου.
1093 2865 1125 2938 Βι

152 3015 259 3060 more
286 2989 460 3062 adventus
483 2991 596 3064 nostri
613 3007 641 3055 ¹⁷
668 3003 704 3062 et
727 2991 865 3088 Cassi0,
891 2991 951 3092 qui
976 2971 1125 3062 Antioclu'

159 3112 364 3215 tenebatur,
391 3118 527 3189 animus
554 3118 712 3217 accessit,
733 3130 769 3188 et
784 3116 923 3190 Parthis
949 3119 1057 3190 timor
1079 3114 1125 3187 iuis

157 3252 233 3312 ctus
259 3254 320 3312 est.
348 3242 470 3345 Itaque
498 3269 575 3343 eos,
601 3242 765 3316 cedentes
786 3243 830 3316 ab
849 3243 1003 3346 oppido,
1020 3241 1125 3343 Cassii

156 3365 354 3467 insecutus,
381 3396 455 3442 rem
480 3369 584 3445 hene
600 3372 713 3470 gessit.
742 3372 821 3464 Qua
846 3373 883 3443 iu
908 3371 1010 3472 luga,
1036 3394 1125 3471 magu

155 3493 365 3566 auctoritate
391 3496 535 3594 Osaces,
563 3496 632 3569 dux
658 3497 870 3570 Parthorum
885 3499 925 3596 ¹⁸,
950 3497 1125 3571 vulnus
1096 3521 1125 3566 a

155 3617 268 3716 cepit,
294 3644 406 3721 eoque
431 3622 561 3694 interiit
586 3625 707 3722 paucis
733 3637 815 3723 post
841 3554 1125 3697 dielius.Erati1

153 3727 253 3840 Syria
289 3760 448 3820 nostrum
484 3775 613 3821 nomen
645 3751 682 3821 in
721 3765 795 3848 grat
797 3752 838 3823 ia
873 3749 982 3823 Venit
1017 3746 1125 3821 interin

151 3866 303 3942 Bibulus.
330 3872 459 3972 Credo,
485 3874 595 3947 voluit
622 3875 785 3976 appellat
778 3903 857 3950 rone
883 3877 984 3951 hac
975 3876 1063 3949 mani
1081 3896 1125 3944 110
