2616 4852
283 345 350 420 158
646 363 816 413 nrrsrora
842 365 951 413 ccxxr.
1059 363 1186 416 nuc.
1207 382 1249 430 7⁰¹

274 473 373 568 setis,
391 469 563 542 delectum
580 466 709 540 habere
726 466 888 541 noluitrt.
908 467 999 541 Nam
1016 468 1197 541 sociorum
1220 496 1268 542 au·

273 598 371 697 xilia,
396 609 542 696 propter
568 593 792 668 acerbitatem
827 608 931 695 atque
963 594 1108 668 iniurias
1139 596 1268 696 imperii

272 725 386 797 nostri
403 724 442 822 ¹⁵,
468 735 528 796 aut
552 721 600 793 ita
625 720 798 793 imbecilla
825 734 905 794 sunt
918 778 928 819 ‚
961 734 1101 795 utnon
1126 721 1289 804 multum,

258 877 337 961 'nos
362 850 482 926 iuvare
507 849 662 948 possint,
696 862 756 920 aut
789 848 838 920 ita
868 846 1018 920 alienata
1044 873 1063 921 a
1090 847 1214 949 nobis,
1236 863 1268 922 ut

207 1036 208 1040 ,
270 1002 384 1078 neque
410 974 685 1076 exspectandum
703 974 746 1046 ab
764 967 823 1073 iis,
839 1000 953 1075 neque
979 975 1266 1049 committendum

268 1104 311 1175 iis
337 1103 524 1204 quicquam
549 1126 624 1174 esse
651 1100 820 1176 videatur.
845 1101 947 1200 Regis
973 1101 1131 1174 Deiotari
1158 1116 1196 1174 et
1211 1127 1266 1178 vo·

269 1227 458 1327 luntatem,
483 1241 519 1298 et
544 1225 682 1327 copias,
711 1240 1013 1328 quantaecumque
1039 1241 1123 1300 sunt
1143 1231 1185 1328 ¹⁶,
1209 1253 1266 1302 no-

269 1368 358 1427 stras
384 1379 458 1426 esse
485 1353 585 1426 duco.
613 1353 840 1454 Cappadocia
866 1367 919 1426 est
943 1354 1056 1427 inanis
1071 1371 1110 1426 ¹⁷.
1136 1354 1266 1456 Reliqui

268 1505 365 1578 reges
391 1481 617 1582 tyrannique,
648 1507 762 1582 neque
793 1480 920 1581 opibus
953 1481 1036 1554 satis
1071 1482 1164 1555 firmi
1171 1537 1183 1581 ‚
1205 1507 1263 1554 nec

266 1605 452 1680 voluntate
485 1621 574 1679 sunt.
612 1607 700 1680 Mihi
737 1609 774 1680 in
806 1607 873 1681 hac
909 1609 1088 1709 paucitate
1118 1607 1266 1682 militum'

264 1734 400 1805 animus
427 1747 520 1806 certe
545 1759 618 1807 non
645 1734 771 1834 deerit3
789 1760 892 1834 spero
918 1759 964 1807 ne
990 1734 1178 1807 consilium
1197 1735 1262 1836 qui

218 1859 220 1872 ’
266 1858 354 1932 dem.
381 1860 480 1953 Quid
505 1887 666 1933 casurum
689 1854 750 1961 sit,
774 1863 948 1935 incertum
973 1876 1035 1934 est.
1052 1861 1201 1934 Vtinam
1216 1886 1260 1934 sa·

263 1983 328 2056 luti
348 1965 507 2089 *nostrae*
536 1987 716 2060 consulere
749 1989 944 2087 possimus!
980 1987 1142 2087 dignitati
1176 1998 1258 2061 certe

263 2110 486 2184 consulemus
506 2113 545 2182 ¹⁸.

669 2366 849 2440 CCXXII.
1021 2405 1236 2470 (aroanna)

259 2546 480 2622 Argumentum.
507 2564 517 2603 1
542 2543 648 2621 Quum
668 2545 785 2628 Appius
806 2555 928 2627 questus
948 2557 1038 2620 esset,
1060 2546 1144 2628 quod
1157 2525 1255 2608 Cieeio

213 2727 215 2732 ,
298 2650 413 2732 legatos
434 2653 590 2712 civitatum
610 2655 785 2734 provinciae
806 2654 936 2714 Romam
957 2656 1016 2727 ire,
1035 2665 1070 2714 ut
1083 2656 1216 2738 Appium
1228 2656 1257 2714 in

297 2769 402 2818 senatu
422 2758 546 2819 laudare
566 2771 706 2841 possent,
725 2759 947 2842 prohibuisset,
960 2762 1097 2842 aliosque
1112 2779 1257 2822 sermones

297 2864 387 2926 adse
409 2865 523 2927 delatos
545 2887 607 2928 esse
628 2869 812 2949 scripsisset,
838 2889 856 2929 e
882 2866 991 2949 quibus
1019 2869 1161 2950 iniquum
1181 2870 1212 2928 in
1230 2887 1259 2927 se

298 2971 452 3032 Ciceronis
478 2977 615 3034 animum
640 2995 704 3034 esse
731 2977 953 3056 suspicaretur3
980 2975 1087 3035 Cicero
1109 2974 1185 3036 baec
1204 2994 1258 3056 op·

297 3077 422 3157 probria
442 3079 550 3151 diluit,
571 3083 614 3141 ita
633 3093 668 3140 ut
689 3083 837 3164 Appium,
858 3083 882 3141 si
903 3084 967 3142 istis
988 3081 1179 3143 sermonibus
1199 3100 1260 3140 cre·

295 3183 422 3257 diderit,
441 3207 552 3267 parum
573 3198 712 3261 cautum,
725 3191 770 3249 sin
787 3210 865 3272 quae
886 3189 942 3250 sibi
964 3191 994 3252 in
1016 3201 1149 3282 mentem
1170 3208 1260 3248 vene-

298 3293 373 3362 rint,
386 3291 451 3352 aliis
467 3293 626 3366 attribuat,
647 3298 735 3356 nimis
750 3307 882 3358 astutum
897 3295 1052 3378 significet.
1067 3317 1085 3355 α
1099 3296 1263 3356 Praeterea

295 3399 358 3477 agit
380 3401 510 3478 gratias,
535 3401 617 3481 quod
638 3400 796 3483 diligenter
817 3403 854 3463 de
875 3401 964 3464 rebus
985 3401 1110 3463 urbanis
1132 3402 1264 3482 scripse-

296 3505 354 3575 rit,
386 3508 539 3587 petitque,
559 3519 592 3567 ut
613 3520 715 3582 curet,
741 3532 778 3569 ne
806 3509 861 3569 sibi
891 3512 1046 3592 provincia
1067 3517 1269 3590 prorogetur·-

296 3610 313 3668 3
336 3610 474 3672 Tandem
495 3635 592 3694 pauca
613 3615 650 3675 de
672 3618 731 3676 suis
754 3615 861 3687 rebus,
882 3627 912 3676 ct
932 3616 969 3675 dc
989 3615 1111 3677 Parthis
1131 3612 1249 3674 scribit.
