2616 4852
167 349 214 438 84
525 365 695 413 rnrsron
722 367 818 412 ecrit.
952 365 984 415 A„
1004 366 1037 415 t.
1055 366 1083 409 c.
1104 380 1150 426 7⁰·

219 500 239 543 2
265 470 374 561 Quod
391 470 439 541 ad
454 456 635 541 Philotimi
652 485 680 518 ¹¹
699 467 815 540 liberti
834 467 1008 567 officium,
1024 482 1062 540 et
1079 467 1173 543 bona

167 597 310 671 Milonis
335 597 482 669 attinet:
516 594 678 668 dedimus
703 621 866 694 operam,
896 608 1001 668 utet
1024 594 1174 669 Philoti-

166 752 245 796 mus
275 750 383 828 quam
414 722 658 832 honestissime
683 721 811 799 Miloni
842 721 998 820 absenti,
1030 723 1173 824 eiusque

164 852 369 924 necessariis
394 850 626 949 satisfaceret,
642 864 695 948 et,
711 848 908 922 secundum
930 849 1006 923 eius
1026 848 1172 923 fidem¹²

163 992 201 1050 et
225 975 469 1077 sedulitatem,
493 977 705 1049 existimatio
731 990 793 1048 tua
817 989 1097 1050 conservaretur.

214 1105 237 1178 3
263 1103 358 1178 Illud
382 1131 477 1177 nune
502 1131 523 1176 a
550 1118 585 1176 te
610 1117 713 1205 peto,
736 1103 766 1176 si
782 1082 1170 1203 eris,utsper0,otio-

162 1258 244 1335 sus,
281 1230 427 1337 aliquod
464 1231 511 1306 ad
542 1256 632 1331 nos,
664 1245 705 1305 nt
736 1228 972 1330 intelligamus
1006 1255 1077 1339 nos
1110 1226 1170 1341 tibi

163 1383 268 1462 eurae
300 1384 398 1458 esse,
433 1365 592 1452 σύνταγμα
624 1344 837 1437 conseribas.
868 1356 941 1453 Qui
968 1346 1035 1429 'tibi
1060 1354 1171 1457 istuc,

160 1485 278 1586 inquis
291 1538 307 1583 ,.
337 1486 376 1569 in
411 1498 567 1558 mentem
599 1485 719 1584 venit,
753 1483 890 1563 homini
920 1507 997 1558 non
1021 1480 1169 1584 ineptol

160 1609 318 1712 Aliquod
333 1613 364 1665 ¹³
389 1636 433 1684 ex
457 1625 532 1684 tam
556 1611 676 1684 multis
704 1611 772 1685 tuis
796 1609 1038 1687 monumentis
1060 1594 1170 1689 exele

159 1763 221 1836 re,
259 1737 358 1839 quod
394 1753 536 1812 nostrae
567 1739 743 1811 amicitiae
778 1737 994 1847 memoriam·
1020 1735 1170 1836 posteris

162 1888 304 1965 quoque
328 1865 468 1966 prodat.
494 1864 703 1939 Cuiusmodi
718 1862 842 1963 selim,
858 1876 963 1965 puto,
979 1860 1178 1965 quaeris⁸l.·

161 1988 217 2062 Tu
244 1984 367 2090 citius,
392 1993 454 2092 qui
479 2006 621 2066 omnem
645 1992 740 2071 nosti
766 1989 1010 2098 disciplinam,
1026 1987 1168 2090 quode

159 2100 312 2215 manime
338 2119 548 2218 conveniat,
564 2116 810 2218 'excogitabls'z
841 2116 975 2216 genere
991 2120 1114 2221 tamen
1132 2110 1179 2213 ¹⁶,

160 2240 259 2340 quod
283 2256 320 2314 et
341 2243 387 2337 ad
403 2269 470 2317 nos
487 2218 678 2347 pertineat,
694 2258 732 2343 et
748 2245 947 2329 didartali'av
963 2241 1169 2351 quamdam,

158 2378 201 2446 ut
225 2381 385 2449 vertetur
407 2371 500 2449 inter
525 2397 665 2471 manus,
689 2370 827 2452 habeat.
852 2368 954 2451 vate
1019 2430 1022 2437 ι
1059 2430 1078 2459 ,.
1172 2453 1176 2461 ,

606 2628 729 2706 CCIV.
787 2631 790 2639 ’
911 2667 965 2725 (aa
981 2668 1032 2714 au.
1050 2666 1085 2726 v,
1102 2668 1143 2722 dt

156 2804 379 2883 Argrurrentnm.
410 2804 525 2870 Soribit
551 2805 589 2867 de
620 2809 727 2867 itinere
755 2826 811 2866 suo
838 2808 868 2864 in
889 2787 1101 2886 provinciam3
1130 2801 1177 2891 dex

197 2912 310 2972 nuntiis
330 2910 400 2973 inde
421 2911 536 2988 allatis;
556 2924 603 2985 et,
616 2924 651 2978 ut
665 2915 780 2978 Atticus
801 2911 874 2983 sibi,
888 2931 966 2995 quae
981 2914 1012 2969 in
1029 2932 1064 2976 re
1082 2907 1164 2997 publ·

169 3074 173 3094 Ι
196 3026 360 3100 gerantur,
380 3016 508 3095 scribat²
529 3031 559 3085 et
579 3020 722 3087 mandata
743 3041 799 3087 suu
819 3029 920 3090 curet,
940 3019 1026 3103 petit.

260 3222 315 3307 scr.
333 3182 463 3278 rurum
482 3228 512 3279 s.
531 3227 565 3281 v.
584 3227 613 3283 c.
632 3225 744 3291 occu,
762 3226 831 3282 circa
850 3224 886 3284 vt
905 3223 966 3279 sat.
985 3223 1059 3282 sest.

469 3425 615 3493 CICERO
641 3425 793 3496 ATTICO
819 3427 849 3492 S.

202 3637 294 3712 Ante
321 3665 428 3745 quam
454 3640 571 3747 aliquo
595 3640 676 3716 loco
703 3640 918 3751 consedero,
944 3665 1062 3742 neque
1087 3640 1163 3713 lon·

153 3791 213 3862 gas
239 3792 259 3838 a
285 3792 363 3864 me,
396 3791 510 3874 neque
542 3794 682 3871 semper
716 3795 794 3848 mea
825 3793 933 3844 manu
957 3768 1079 3842 literas
1104 3793 1161 3839 ex-

152 3891 336 3995 spectabis.
373 3896 493 3994 Quum
527 3909 645 3970 autem
679 3897 745 3969 erit
771 3897 943 4001 spatium,
977 3874 1162 3999 utrumque
