2616 4852
155 335 225 406 218
499 353 668 403 anisrorn
694 357 809 406 ccxxx.
926 355 957 406 Δ.
975 359 1010 409 v.
1028 363 1055 408 c.
1075 374 1118 422 ,οι

556 581 740 655 CCXXX.
848 623 907 718 <xp
922 626 979 671 nn.
995 627 1064 687 xnr,
1078 629 1128 687 aa)

154 759 373 841 Argumentum.
393 758 543 830 Thermo,
557 761 643 820 Asiae
663 762 870 843 propraetori,
883 761 1033 823 Genucilii
1056 763 1147 828 Curvi

192 871 312 949 negotia
332 866 529 928 commendat.

413 1073 466 1126 sa.
484 1073 511 1146 ip
529 1072 617 1124 cuna
636 1074 666 1125 A.
685 1071 718 1125 v.
737 1072 764 1125 c.
783 1073 885 1126 nccn.

357 1261 501 1327 CICERO
527 1262 724 1326 ΤΗΕΙίΜΟι
750 1259 889 1326 PROPR.
916 1263 946 1325 S.

201 1457 240 1528 L.
267 1451 483 1526 Genucilio²
509 1452 626 1525 Curvo
658 1449 864 1549 iampridem
893 1462 977 1523 utor
1001 1450 1136 1525 familia-

154 1580 305 1679 rissime,
329 1578 464 1677 optimo
489 1578 581 1675 virt),
606 1589 642 1648 et
665 1576 806 1650 homine
832 1579 1039 1676 gratissimo.
1055 1581 1139 1651 Eum

155 1705 218 1777 tibi
242 1705 381 1806 penitus
407 1702 615 1776 commendo
641 1715 745 1803 atque
771 1702 880 1777 trado.
910 1706 1085 1803 Primum⁷
1106 1717 1141 1776 ut

155 1818 316 1905 omnibus
340 1831 377 1902 in
401 1829 504 1902 rebus
530 1830 562 1901 ei
587 1843 622 1901 te
647 1828 849 1902 commodes
867 1830 893 1929 ³,
919 1829 1037 1931 quoad
1062 1830 1142 1903 fides

155 1970 214 2029 tua
246 1958 463 2057 dignitasque
488 1955 653 2053 patietur:
690 1956 843 2053 patietur
868 1969 985 2030 autem
1011 1957 1049 2028 in
1074 1981 1144 2028 om-

152 2082 264 2155 nibus.
289 2081 386 2156 Nihil
410 2081 504 2154 enim
530 2079 591 2154 abs
617 2094 652 2152 te
677 2106 860 2180 umquam,
876 2080 976 2181 quod
999 2083 1047 2154 sit
1071 2080 1147 2153 alie·

153 2234 237 2281 num
271 2209 363 2305 tuis,
396 2221 456 2279 aut
488 2207 594 2279 ctiam
625 2207 695 2279 suis
729 2205 909 2304 moribus,
945 2205 1145 2306 postulabit.

152 2334 345 2432 Praecipue
381 2346 498 2405 autem
511 2331 596 2451 ‚tibi
634 2331 843 2405 commendo
875 2333 1017 2430 negotia
1050 2332 1146 2429 eius,

153 2484 242 2560 quae
267 2459 410 2532 suntin
434 2457 665 2558 Hellesponto
682 2455 709 2555 l,
733 2459 902 2556 primum,
922 2470 966 2529 'ut
991 2456 1147 2530 obtineat

153 2584 191 2658 id
215 2586 299 2659 iuris
324 2586 360 2657 in
386 2586 493 2685 agris,
525 2583 621 2686 quod
650 2585 681 2655 ei
706 2583 854 2656 Pariana
879 2583 1003 2656 civitas
1031 2582 1146 2657 decre·

52 2779 58 2786 ,
154 2712 265 2786 vitet
291 2712 404 2810 dedit,
436 2727 472 2784 et
504 2711 600 2812 quod
632 2736 770 2809 semper
802 2709 954 2783 obtinuit
979 2710 1055 2781 sine
1080 2707 1146 2780 ulla

154 2840 408 2937 controversia3
426 2837 567 2935 deinde,
592 2838 621 2910 si
646 2835 733 2937 quid
756 2834 900 2908 babebit
925 2861 1007 2908 cum
1033 2835 1146 2934 aliquo

147 2962 396 3062 ‘Hellespontio
429 2963 706 3060 controversiae,
742 2975 782 3033 ut
813 2960 977 3033 inillam
1003 2961 1147 3041 διοίκησιν

153 3088 323 3159 reiicias⁵.
345 3087 414 3160 Sed
439 3112 512 3159 non
536 3087 620 3158 mihi
646 3086 785 3184 videor,
810 3113 918 3188 quum
944 3084 1009 3158 tibi
1035 3099 1146 3157 totum

152 3211 330 3285 hominem
366 3211 626 3311 diligentissime
663 3212 959 3308 commendarim,
997 3209 1145 3308 singulas

61 3386 63 3397 .
152 3337 198 3410 ad
223 3353 258 3411 te
284 3340 356 3410 eius
382 3365 502 3411 causas
527 3339 740 3439 perscribere
767 3338 902 3410 debere.
920 3337 1062 3408 Summa
1090 3334 1143 3405 illa

152 3465 216 3535 sit:
243 3462 409 3564 quicquid
435 3464 556 3561 officii,
587 3463 765 3562 beneficii,
798 3462 939 3535 honoris
966 3461 1003 3531 in
1029 3461 1144 3532 Genu-

153 3588 270 3661 cilium
295 3589 502 3688 contuleris‚
533 3566 571 3660 id
596 3602 631 3660 te
658 3587 862 3661 existimabo
888 3588 925 3658 in
951 3587 1143 3686 meipsum

154 3727 257 3815 atque
282 3715 319 3786 in
345 3741 417 3786 rem
444 3740 558 3787 rneam
584 3713 780 3786 contulisse.
